1980 3338
84 123 164 172 effe
174 126 404 174 adiumento
417 129 460 172 in
476 127 643 171 bouum
665 128 818 171 etiamfi
847 142 954 171 totus

84 181 249 238 mundus,
264 199 352 226 eum
368 187 551 239 principe
568 184 632 226 suo
642 184 868 233 diabolo‚in
882 199 953 226 eo-

82 244 170 282 ium
183 244 345 284 exitium
364 239 577 292 conspiret.

92 340 94 346 s
139 299 216 333 Per
234 293 396 349 vestram
409 296 674 346 precationem.
755 295 858 350 Qo
877 308 947 334 eos

84 348 457 392 aerius-stimulaui
472 349 715 402 precandum
734 379 749 397 ,
783 347 942 391 testatur

84 403 125 446 se
140 403 344 447 confidere
361 406 587 446 Dominum
600 405 642 447 id
655 405 837 445 daturum
867 418 941 444 eo·

84 473 175 500 rum
194 459 390 513 precibus:
409 472 536 512 neque
550 473 682 501 tamen
699 460 936 512 simulatorii

83 517 198 565 enim
227 519 270 556 in
290 515 506 556 sanstorum
521 514 702 567 precibus
729 513 939 556 subiidmm

85 572 248 623 'reponit
267 598 281 616 ,
306 570 388 611 Dei
402 568 667 621 promissione
687 574 839 610 nititur.
872 571 943 609 In·

82 637 193 665 terea
208 624 311 666 nihil
338 623 551 682 derogatur
568 628 747 681 gratuitae
766 620 846 665 Dei
868 623 944 664 bo-

88 681 238 725 nitati,
257 693 302 719 ex
322 691 397 731 qua
412 684 498 718 iunt
514 692 648 731 preces
682 684 719 721 &
742 682 941 720 exoratio.

88 734 140 772 Et
176 731 567 788 fiabmimstrationem
580 763 589 773 .
635 737 704 776 Ne
738 747 942 788 putemus,

81 791 178 886 guia
196 787 279 829 baec
290 788 369 830 duo
389 791 518 844 iungit
550 803 638 830 vno
667 802 855 830 contextu
869 817 883 835 ,
902 791 941 829 i·

113 858 161 885 eo
193 847 304 897 paria
348 842 438 884 esse.
467 849 598 898 itaque
628 845 677 884 sic
708 843 847 885 resolui
866 841 941 883 de-

83 897 538 945 betoratio,Nouih0c
569 913 698 939 totum
725 900 824 938 mihi
854 897 940 938 ees-

86 952 215 993 surum
231 956 271 993 in
310 952 471 993 salutem
491 981 503 999 ‚
524 966 593 1007 per
622 950 938 994 administratio-

84 1020 179 1048 nem
195 1009 364 1062 Spiritus
382 1037 394 1054 ‚
423 1008 710 1050 adiuuantibus·
724 1013 842 1050 etiam
860 1022 936 1046 vo-

82 1059 145 1102 bis
163 1063 328 1103 orando.
361 1077 405 1105 vt
423 1061 728 1104 subministratio
771 1066 937 1116 Spiritus

81 1116 131 1158 Iit
146 1116 258 1158 eausa
273 1113 457 1159 efficiens
474 1134 483 1156 :
501 1122 632 1158 oratio
644 1129 780 1161 autem
799 1146 809 1161 ‚
829 1112 936 1156 infe-

82 1174 165 1213 rius
178 1171 679 1214 adminiculum.Notanda
695 1174 813 1212 etiam
845 1184 938 1209 ver-

82 1222 125 1265 bi
141 1226 270 1267 Graeci
287 1231 521 1281 proprietas.
550 1240 717 1267 vocatur
734 1229 838 1266 enim
858 1223 940 1263 'sara-

82 1292 230 1336 2270·oe
246 1293 362 1336 quum
379 1281 415 1321 su
448 1283 599 1338 geritur
612 1278 717 1333 quod
730 1277 849 1320 deest.
864 1292 941 1372 Ἕω

83 1338 176 1378 liter
190 1340 323 1377 omnia
351 1340 417 1388 qui
449 1346 491 1374 us
519 1331 764 1375 destituimur
785 1363 798 1380 ,
819 1348 871 1372 no
906 1335 939 1371 is

81 1393 250 1443 Spiritus
266 1392 345 1432 Dei
361 1389 539 1430 instillat.
566 1392 616 1426 Ee
648 1389 836 1442 Spiritum
852 1387 942 1439 Iefia

88 1443 188 1486 Chri
219 1445 236 1483 i
253 1448 450 1491 nominat,
459 1458 506 1485 vt
524 1442 736 1501 significet,
750 1442 866 1484 nobis
893 1458 941 1483 o·

83 1502 169 1540 mni
202 1513 242 1538 us
256 1528 270 1545 ‚
286 1498 315 1537 fi
333 1496 554 1540 Christiani
575 1499 717 1546 sumus,
732 1499 806 1539 esse
823 1511 940 1539 com·
993 1503 996 1506 ’

83 1566 268 1594 munem:
305 1555 394 1605 quia
410 1567 496 1593 tota
527 1552 774 1606 plenitudine
790 1556 828 1593 in
848 1567 936 1594 eum

80 1606 224 1650 effusus
238 1606 308 1654 est,
321 1621 366 1648 vt
381 1606 542 1666 lingulis
557 1608 630 1648 suis
657 1608 847 1650 membris
862 1623 936 1661 pro

80 1668 219 1762 ἕνεκα
249 1663 318 1703 suae
345 1667 525 1706 mensura
551 1676 741 1719 quantum
757 1664 935 1718 expedit,

115 1717 304 1760 istribuat.

166 1788 214 1816 20
289 1769 498 1812 Secundum
528 1765 837 1824 exponationem.
900 1774 938 1814 Si

82 1831 170 1881 quis
186 1825 365 1875 obiiciat,
395 1826 517 1868 Vnde
535 1841 668 1869 autem
685 1826 757 1867 tibi
772 1825 838 1867 ista
861 1842 938 1869 no-

81 1882 428 1939 ticiassrespoiidet,
448 1883 506 1924 Ex
523 1882 695 1938 spe.nam
714 1896 832 1936 quum
852 1897 939 1923 cer·

79 1950 164 1980 tum
183 1937 229 1978 sit
254 1968 268 1985 ‚
287 1936 418 1979 Deum
435 1936 543 1993 spem
571 1936 742 1978 nostram
773 1939 937 1978 minime

81 1995 192 2035 velle
207 1991 384 2034 frustrari
401 2009 411 2033 ι
427 1993 515 2047 spes
529 1992 608 2048 ipsa
623 1992 740 2033 dubia
766 1991 839 2034 effe
856 2008 937 2032 non

80 2047 217 2090 debet.
234 2050 367 2089 Notet
385 2061 492 2142 αἳ)
507 2047 723 2106 diligenter
741 2051 827 2100 pius
853 2046 936 2088 Le-

82 2105 166 2143 ἂοι-
194 2103 424 2145 aduerbium
487 2118 535 2144 oc
566 2131 579 2149 ‚
609 2101 827 2143 Secundum
862 2117 871 2139 z
893 2115 938 2142 vt

84 2158 199 2198 cert&
219 2158 343 2197 secum
366 2163 418 2198 ita
430 2156 746 2201 constituat,fieri
768 2172 848 2197 non
863 2156 944 2208 pos

82 2212 121 2252 se
139 2216 232 2265 quin
252 2214 517 2265 expe&ationi
533 2210 669 2251 nostrae
695 2210 931 2264 respondeat

83 2266 386 2319 Dominus,quae
398 2266 556 2315 quidem
575 2270 613 2306 in
633 2266 762 2306 verbo
776 2265 841 2306 suo
863 2265 935 2306 fun

83 2321 173 2363 data
190 2321 248 2361 fit.
266 2321 450 2361 Promisit
464 2322 553 2361 aute
582 2321 618 2360 se
644 2335 840 2373 nunquam
865 2320 937 2362 de-

84 2375 259 2418 futurum
287 2374 402 2416 nobis
433 2379 552 2416 etiam
570 2379 671 2416 inter
685 2379 820 2417 omnia
850 2389 936 2415 tor-

84 2445 235 2477 menta,
255 2430 280 2469 fi
307 2429 463 2483 quando
478 2445 667 2471 vocemur
696 2431 743 2471 ad
760 2432 936 2471 nominis

81 2488 136 2528 sui
153 2483 462 2526 confessionem.
503 2486 802 2538 (perentitaque
826 2486 935 2526 Pauli

84 2541 269 2593 exemplo
285 2555 422 2580 omnes
439 2544 509 2592 pii,
521 2555 647 2591 neque
661 2540 875 2593 pudefient.

146 2599 240 2634 Cum
257 2593 525 2643 omnifiduriae.
562 2595 754 2635 Videmus
785 2609 831 2635 vt
847 2595 935 2648 spe-

89 2651 216 2693 rando
236 2679 248 2695 ,
276 2653 403 2690 cai-nis
414 2654 521 2691 votis
534 2664 778 2703 nequaquam
797 2650 930 2691 indul-

91 2719 205 2762 geat:
219 2703 279 2745 sed
298 2704 407 2757 spem
425 2705 527 2745 suam
549 2704 725 2746 subiiciat
739 2706 819 2746 Dei
837 2720 934 2756 pro-

85 2761 279 2804 missioni.
293 2763 339 2798 M
342 2757 616 2818 agm'ficabirur
628 2790 642 2808 ‚
658 2764 698 2801 in
708 2764 805 2816 quit,
815 2764 842 2801 C
848 2759 934 2799 1,νὲ-

170 2924 201 2961 2
206 2927 234 2959 2

85 2984 213 3067 quid
224 2990 614 3066 eligamagnom.

719 56 816 103 An
871 49 1202 103 PHILIPP.

1003 121 1087 177 stus
1099 125 1141 163 in
1154 135 1302 179 corpore
1314 135 1391 164 meo
1402 153 1418 173 ,
1433 119 1515 174 fine
1521 127 1594 177 per
1611 120 1737 162 vitam
1750 153 1765 171 ‚
1771 119 1856 172 fito?

1007 191 1079 234 per
1119 192 1290 222 mortem.
1340 194 1560 236 quanquam
1612 182 1855 220 nominatim

1016 249 1084 276 eor
1091 248 1161 290 pus
1178 234 1615 294 exprimens,fignificat
1641 238 1743 276 inter
1764 248 1855 275 cer-

1009 295 1158 333 tamina
1175 296 1262 333 vitae
1280 290 1476 340 praesentis
1490 292 1527 331 se
1540 290 1590 332 de
1621 287 1785 330 success‘u
1797 291 1856 329 mi

1007 349 1112 387 nime
1128 346 1203 388 esse
1217 347 1390 389 dubium.
1424 360 1514 387 nam
1533 344 1582 386 de
1610 344 1686 385 hac
1703 359 1745 385 re
1758 343 1855 386 faeti

1007 401 1132 441 sumus
1157 409 1177 442 a'
1194 404 1285 444 Deo
1299 405 1502 443 certiores,
1515 403 1624 458 Ergo
1641 399 1667 440 fi
1683 398 1852 453 expositi

1005 456 1053 497 ad
1071 457 1152 498 Dei
1177 458 1384 498 arbitrium
1400 486 1414 504 ,
1432 460 1470 498 δε
1486 458 1589 497 idem
1605 454 1797 496 habentes
1808 456 1850 494 in

1005 516 1090 552 vita
1102 513 1350 567 propositum
1365 513 1472 567 quod
1487 513 1627 553 Paulus
1644 539 1658 557 ‚
1674 508 1851 550 foelicem

1004 570 1150 607 exitum
1203 582 1434 622 quocunque
1475 567 1596 608 modo
1638 564 1852 620 speramust

1004 636 1085 663 non
1110 625 1277 676 amplius
1322 621 1540 664 timendum
1570 623 1644 662 erit
1669 635 1720 661 ne
1758 618 1853 674 quid

1002 676 1151 718 aduersi
1169 683 1336 720 eueniat.
1367 677 1514 719 Namfi
1542 677 1599 718 illi
1627 680 1793 718 viuirnus
1814 679 1853 716 &

1003 735 1195 773 morimur
1212 750 1221 772 ι
1241 734 1343 774 illius
1361 733 1484 773 sumus
1503 736 1542 772 in
1561 735 1643 773 vita
1657 734 1749 772 &in
1765 743 1854 771 mor

1002 800 1042 828 te
1058 817 1072 835 ‚
1090 790 1321 838 Rom.i4.8.
1344 787 1509 830 Modum
1525 789 1710 841 exprimit
1725 786 1855 827 Chri-

1000 841 1045 882 sti
1062 843 1346 899 magnificandi
1366 872 1379 890 ‚
1398 852 1487 882 nem
1520 857 1541 882 e
1555 846 1594 882 in
1608 838 1781 896 perfecta
1798 838 1855 889 fi·-

999 896 1129 937 ducia.
1148 898 1254 940 vnde
1269 899 1434 951 sequitur
1451 926 1464 944 ‚
1507 899 1595 937 eiici
1627 895 1751 950 ipsum
1775 911 1853 937 no-

1000 949 1074 992 stra
1107 955 1224 1006 culpa
1243 982 1255 1000 ‚
1294 957 1333 994 &
1359 956 1562 994 extenuari
1598 964 1784 1005 quantum
1811 953 1854 991 in

999 1006 1116 1045 nobis
1135 1007 1187 1046 est
1203 1037 1216 1054 ‚
1234 1022 1351 1061 quum
1368 1011 1512 1048 timore
1528 1006 1852 1047 labascimus.An

1001 1063 1122 1114 igitur
1144 1076 1210 1102 eos
1226 1078 1305 1102 non
1320 1062 1440 1115 pudet
1456 1093 1469 1110 ,
1486 1061 1624 1114 quibus
1642 1061 1726 1100 leue
1747 1061 1853 1101 deli-

999 1117 1102 1154 &um
1120 1116 1277 1156 videtur
1295 1144 1308 1162 ,
1336 1120 1376 1156 in
1393 1114 1642 1157 confessione
1670 1118 1852 1155 veritatis

1000 1170 1236 1222 trepidatio?
1249 1169 1327 1210 Sed
1345 1169 1414 1223 qui
1432 1171 1732 1223 puderet,quum
1748 1170 1851 1210 adeo

1003 1224 1078 1263 fint
1095 1222 1301 1277 prostituta
1333 1223 1469 1265 fronte
1499 1250 1511 1270 ‚
1546 1239 1589 1265 vt
1614 1225 1855 1280 abnegatio-

1001 1291 1092 1317 nem
1109 1292 1266 1332 quoque
1293 1280 1472 1320 excusare
1485 1280 1682 1320 audeant?
1710 1279 1853 1327 Addit,

1003 1332 1486 1388 Qcmadmodumscmper
1506 1351 1516 1374 ε
1539 1350 1585 1375 vt
1599 1336 1619 1374 εἰ
1644 1337 1853 1389 praeteritis

1031 1391 1136 1428 ratiae
1153 1389 1232 1429 Dei
1246 1393 1524 1442 experimentis
1540 1389 1660 1430 fidem
1679 1388 1779 1429 suam
1798 1387 1855 1430 sta.

997 1401 1221 1484 §iliannita
1235 1445 1639 1496 Rom.5.4,Pro'0atio
1653 1444 1717 1499 sps:
1732 1448 1852 1497 parit.

1055 1513 1091 1538 21
1168 1496 1277 1538 Mihi
1314 1514 1411 1538 enim
1440 1502 1614 1540 viuendo.
1654 1503 1854 1540 Haaenus

999 1552 1105 1594 hunc
1121 1553 1251 1595 locum
1267 1583 1281 1601 ,
1307 1570 1396 1596 meo
1421 1556 1568 1597 iudicio
1590 1585 1601 1603 ‚
1616 1556 1716 1596 male
1758 1570 1854 1596 ver-

998 1621 1134 1649 terunt
1162 1612 1200 1650 &
1226 1611 1485 1664 exposuerunt
1520 1616 1773 1665 interpretes.
1798 1610 1852 1652 fic

997 1666 1104 1704 enim
1119 1662 1336 1722 distingunt
1356 1682 1365 1705 :
1386 1666 1495 1721 quod
1527 1666 1704 1708 Christus
1731 1664 1852 1707 fuerit

999 1719 1123 1760 Paulo
1142 1723 1229 1761 vita
1246 1749 1258 1768 ‚
1293 1725 1332 1763 ἀ
1349 1735 1455 1762 mors
1470 1722 1630 1762 lucrum.
1659 1723 1748 1778 Ego
1779 1735 1855 1762 au-

997 1788 1078 1815 tem
1095 1774 1299 1816 Christum
1318 1779 1358 1816 in
1374 1790 1543 1830 vtroque
1558 1776 1740 1817 membro
1756 1791 1850 1817 ora*-

995 1833 1118 1871 tionis
1137 1828 1243 1871 facio
1274 1830 1509 1871 subjeetum:
1531 1847 1575 1872 vt
1602 1846 1682 1873 tam
1711 1833 1752 1871 in
1765 1834 1851 1873 vita

997 1885 1111 1935 quam
1127 1888 1167 1924 in
1185 1899 1314 1927 morte
1342 1886 1488 1927 lucrum
1505 1887 1579 1928 esse
1606 1885 1850 1940 praedicetur.

998 1940 1144 1980 Graecis
1162 1946 1266 1980 enim
1288 1942 1454 1999 vulgare
1467 1941 1520 1982 est
1536 1941 1737 1982 subaudire
1755 1955 1850 1994 pai·-

996 1996 1156 2034 ticulam
1171 2000 1277 2050 ηὶε.
1307 2008 1564 2051 praeterquam
1578 2011 1708 2038 autem
1738 1997 1851 2050 quod

999 2047 1065 2089 hic
1081 2050 1204 2091 sensus
1221 2053 1350 2091 minus
1366 2050 1419 2092 est
1431 2055 1584 2094 coac'tus
1600 2080 1613 2098 ‚
1632 2053 1750 2093 etiam
1764 2066 1851 2092 me-

997 2105 1068 2143 lius
1086 2105 1260 2145 cohaeret
1274 2119 1361 2146 cum
1389 2111 1569 2162 proxima
1585 2107 1792 2154 sententia,
1810 2111 1849 2149 δε

998 2160 1219 2211 pleniorem
1247 2165 1428 2203 continet
1452 2163 1689 2204 doctrinam.
1718 2161 1849 2203 Indif-

996 2213 1126 2254 ferens
1141 2215 1210 2256 sibi
1231 2214 1304 2256 effe
1323 2220 1360 2258 ὃ(
1379 2221 1420 2259 in
1437 2231 1545 2273 :equo
1569 2213 1763 2262 affirmat,
1783 2222 1849 2259 vi-

997 2269 1114 2310 uzitne
1129 2285 1178 2310 an
1193 2273 1383 2312 moriatur
1403 2288 1411 2312 :
1429 2276 1615 2326 quoniam
1637 2271 1844 2314 Christum

997 2323 1177 2372 habens,
1204 2338 1321 2366 vti-un
1354 2342 1399 2369 ue
1429 2328 1536 2369 luero
1563 2341 1753 2381 apponat.
1794 2332 1847 2370 Et

996 2380 1100 2419 certe
1119 2394 1215 2422 vnue
1230 2379 1282 2420 est
1296 2385 1331 2424 C
1367 2379 1476 2422 ristus
1492 2386 1559 2436 qui
1573 2397 1654 2423 ram
1672 2386 1712 2422 in
1731 2398 1844 2424 mor-

997 2448 1036 2474 te
1051 2435 1164 2487 quam
1179 2439 1218 2476 in
1235 2440 1319 2476 vita
1335 2453 1407 2478 nos
1441 2436 1536 2479 facit
1565 2438 1717 2478 beatos.
1747 2442 1850 2480 alio·-

995 2489 1102 2541 quisi
1121 2505 1228 2530 mors
1242 2491 1397 2539 misera,
1409 2496 1493 2534 vita
1507 2493 1634 2534 nihilo
1651 2491 1841 2535 foelicior.

996 2544 1112 2586 Adeo
1129 2560 1172 2586 vt
1189 2543 1357 2588 difficile
1371 2548 1415 2589 fit
1427 2548 1731 2594 definire‚Extra
1747 2551 1851 2590 Chri

992 2597 1089 2638 stum
1108 2629 1121 2647 ‚
1149 2598 1251 2642 si‘tne
1267 2606 1369 2642 mori
1389 2604 1521 2646 vtili‘us
1549 2603 1665 2657 quim
1699 2608 1849 2647 viuere.

992 2655 1159 2696 Rursum
1179 2656 1275 2697 adfit
1289 2657 1488 2707 Christus,
1504 2662 1543 2701 δι’
1560 2662 1685 2699 vitam
1718 2659 1851 2701 nostr-3

992 2711 1158 2763 perinde
1172 2726 1217 2754 ac
1233 2726 1405 2754 mortem
1418 2713 1642 2755 benedicet:
1659 2728 1706 2756 vt
1724 2715 1772 2756 fit
1798 2732 1848 2757 v-

991 2777 1128 2821 traque
1141 2765 1255 2807 nobis
1268 2762 1390 2810 fausta
1407 2773 1446 2812 &
1457 2768 1693 2825 expetenda.

369 2897 470 2980 ufvd
480 2906 537 2981 fi
546 2908 723 2986 viuere
751 2911 804 2964 in
831 2927 985 2963 carne
1019 2914 1385 2996 operaepretium
1418 2913 1546 2970 mihi
1560 2912 1629 2986 est
1644 2937 1663 2969 .·
1689 2915 1849 2972 etiam

167 3091 230 3141 ις
297 3074 341 3128 C
342 3073 537 3129 oarstor
546 3075 683 3128 enim
698 3090 765 3128 ex
777 3068 1187 3159 duobus,c1cpiens
1201 3074 1402 3152 diffiilus'
1417 3085 1481 3146 (ῥ’
1498 3077 1594 3156 effe
1610 3077 1675 3137 cii
1694 3082 1737 3135 C
1738 3077 1820 3134 bri
1826 3108 1845 3122 .
