1980 3338
108 135 117 144 ·
157 120 230 165 pus
243 109 322 150 sme
333 105 822 161 multiplic-imembrorum
844 109 994 164 symme

159 167 239 205 tria
250 163 387 204 statum
407 161 469 202 susi
491 166 660 203 retinere
672 163 789 204 docet
804 192 819 212 ‚
836 177 883 205 vt
897 165 990 206 scia-

162 232 248 260 mus
266 224 346 260 tam
383 216 544 271 publicae
559 218 684 269 quam⁴
698 220 857 271 priuatae
883 218 995 261 saluti

159 273 392 320 consulere,
415 271 509 311 dum
538 270 694 325 quisque
716 271 792 313 suis·
821 271 994 326 partibus

165 327 359 385 fungitur.

222 397 261 423 21
317 385 399 420 Nec
419 376 535 431 potest
559 376 684 416 oculus
707 374 831 416 dicere
849 380 996 421 manui.

163 437 363 477 Ha&enus
374 434 506 474 docuit
524 433 635 487 quale
650 432 695 475 sit
709 432 853 473 viliort'i
867 447 997 488 mem-

166 489 325 531 brorum
355 486 534 528 officium
555 503 564 525 ε
593 500 737 541 nempe
768 487 997 542 impendere

165 545 326 597 corpori
340 541 444 582 suam
459 554 619 595 operam
624 556 714 588 ,nec
730 541 916 583 membris
929 557 998 583 ex-

165 596 462 639 cellentioribus
473 595 770 636 inuidcteznunc
784 597 995 638 econuetso

167 653 218 694 de
240 651 426 692 membris
449 649 696 707 dignioribus
721 654 899 706 praecipit
913 680 928 699 ,
946 667 996 692 ne

167 704 356 749 inferiora
373 707 602 746 contemnit
623 704 761 760 quibus
778 719 912 746 carere
926 721 998 747 ne-

165 774 325 816 queunt.
339 760 487 800 Oculus
499 774 657 801 manum
670 762 874 803 antecellit
886 789 902 808 ,
916 776 998 803 non

166 829 301 857 tamen
315 829 399 856 eam
413 814 610 869 despicere
620 813 764 870 potest,
781 829 848 856 aut
859 816 919 857 illi
931 830 997 858 tan

166 884 284 926 quam
299 871 429 911 inutili
444 869 642 911 insultare:
661 873 700 910 ὃ(
711 869 760 910 ab
775 872 865 912 vtili
879 885 1000 927 argu·

167 939 364 967 mentatur
378 923 457 966 h'oc
468 925 554 966 fieri
567 923 723 966 debere.
749 926 847 979 Qae
866 930 1000 966 mino-

167 984 222 1021 ris
235 979 468 1021 aestimantur
481 1008 497 1028 ‚
523 981 650 1038 magis
676 980 759 1019 sunt
773 980 995 1022 necess‘aria.

168 1049 266 1094 ergo
279 1049 325 1076 vt
340 1036 483 1075 saluum
496 1034 540 1075 fit
554 1047 692 1086 corpus
707 1062 722 1081 ‚
740 1048 785 1074 ea
798 1038 1000 1076 contemni

171 1105 255 1132 non
271 1102 445 1145 oportet.
474 1089 689 1137 Infirmiorae
701 1087 766 1128 hic
780 1089 909 1143 posuit
923 1103 999 1144 pro

168 1147 449 1191 Contemptis:
466 1143 560 1185 ficut
575 1159 607 1184 2.
626 1145 804 1195 Cor.1229
830 1158 946 1199 quum
964 1143 1000 1185 se

167 1201 332 1259 gloriari
343 1200 439 1241 dicit
451 1202 494 1240 in
507 1199 579 1240 suis
592 1197 900 1247 infirmitatibus,
917 1199 999 1240 hoc

168 1259 333 1296 nomine
346 1254 524 1310 designat
547 1267 628 1308 quae
643 1266 729 1293 eum
753 1256 1001 1309 contempti-

169 1309 293 1352 bilem
304 1310 571 1363 abiectt'imque
581 1307 812 1350 reddebant,

228 1380 268 1419 ²3
325 1368 429 1420 Qae
441 1365 561 1403 minus
576 1361 827 1416 honestafimt.
845 1366 994 1404 secun-

168 1417 262 1461 dum
276 1433 568 1477 argumentum,
586 1419 696 1473 quod
708 1417 875 1460 membri
888 1422 1002 1459 vnius

173 1474 362 1528 probrum
377 1503 390 1521 ‚
405 1477 446 1513 in
460 1487 670 1515 commune
685 1475 804 1513 totius
822 1475 1001 1525 corporis

172 1528 339 1569 dedecus
350 1528 558 1575 redundat,
577 1527 682 1581 quod
697 1532 743 1567 ex
758 1526 1001 1568 solicitudine

174 1597 338 1637 apparet
352 1597 467 1638 quani
479 1587 521 1624 in
534 1582 710 1624 velandis
736 1586 861 1623 minus
873 1581 1004 1622 hone-

173 1636 236 1679 stis
251 1639 423 1693 partibus
447 1637 695 1679 adhibemus,
734 1639 834 1693 Qae
859 1636 1004 1677 decora

173 1694 262 1734 sunt
273 1722 288 1741 ,
306 1696 432 1748 inquit
444 1722 458 1741 ‚
473 1692 640 1734 asc-ititio
665 1705 902 1732 ornamento
921 1706 1002 1732 non

174 1748 381 1806 indigent:
398 1748 462 1789 sed
487 1761 617 1802 partes
641 1747 723 1786 vel·
735 1744 921 1799 pudendae
935 1747 1003 1787 vel

175 1807 303 1844 minus
317 1802 464 1844 decorae
479 1807 629 1843 maiore
640 1801 766 1842 studio
777 1802 798 1840 :l
810 1799 923 1842 nobis
935 1815 1003 1840 cu-

173 1871 389 1899 rantur.cur
405 1857 501 1898 istud
506 1856 594 1905 ,nifi
606 1855 716 1911 qued
728 1870 861 1898 eorum
874 1853 1003 1910 pudor

175 1916 398 1956 communis
427 1911 534 1952 foret
557 1914 676 1952 totius
689 1913 867 1964 corporis
884 1914 1003 1968 igno-

175 1964 317 2010 minia?
323 1964 554 2007 circundare
566 1964 745 2014 honorem,
753 1963 1004 2022 esttegumen

174 2023 217 2064 tsi
229 2027 433 2077 imponere
447 2023 669 2064 ornamenti
678 2021 807 2068 causa,
820 2034 864 2061 vt
877 2034 1005 2061 mem·-

175 2078 247 2119 bra
259 2092 337 2133 quae
350 2080 514 2131 turpiter
527 2076 816 2131 pater6t‚1ate5t
828 2074 1001 2117 honeste.

235 2148 286 2184 24
334 2130 407 2172 Sed
429 2135 533 2170 Deus
558 2131 849 2185 contemperauit
864 2142 1004 2185 corpus.

174 2188 320 2229 Iterum
334 2190 477 2242 repetit
494 2186 600 2241 quod
614 2185 730 2227 semel
744 2185 892 2226 dixerat
910 2215 925 2233 ,
942 2185 1005 2227 sed

179 2243 403 2296 expressius:
421 2243 552 2282 Deum
567 2241 642 2282 hfie
657 2241 921 2294 symmetriam
937 2255 1005 2283 or-

175 2297 322 2340 dinass'e
337 2327 350 2344 ,
365 2297 479 2350 idque
491 2299 531 2337 in
546 2297 762 2338 vtrlitatem
778 2298 897 2337 totius
914 2310 1006 2336 cor-

177 2355 286 2407 poris
306 2380 318 2399 ,
337 2355 426 2406 quia
447 2353 560 2392 aliter
589 2364 816 2405 permanere
841 2354 881 2392 in
907 2348 1006 2391 statu

175 2420 359 2460 nequeat.
385 2407 491 2446 Nam
508 2405 612 2446 vnde
625 2404 689 2452 id,
708 2419 754 2447 vt
769 2403 945 2445 membra
959 2421 1006 2446 o·

176 2464 285 2502 mnia
306 2462 356 2502 de
378 2459 583 2501 honestate
595 2460 762 2500 membri
812 2473 918 2500 arum
933 2459 1006 2500 de-

174 2519 262 2558 cori
279 2517 416 2568 sponte
432 2514 506 2554 lint
519 2515 684 2560 solicita,
705 2519 743 2556 ἃ
756 2473 809 2554 ag
819 2513 1003 2571 tegedam

176 2575 258 2612 eius
270 2568 506 2618 turpitudine
533 2566 777 2622 conspirent?
799 2569 881 2610 haec
894 2570 971 2610 illis
983 2569 1005 2610 εὶ

175 2626 269 2667 Deo
282 2624 405 2665 indita
418 2622 470 2663 est
480 2625 701 2665 inclinatio.
724 2627 813 2678 quia
827 2623 907 2665 fine
923 2623 1003 2665 hoc

172 2688 489 2734 temperamento
506 2677 703 2719 dissidium
731 2692 824 2719 mox
846 2681 888 2719 in
910 2691 1003 2719 cor-

174 2748 274 2791 pore
283 2732 631 2774 nasceretur-Vnde
642 2746 806 2788 apparet
819 2747 899 2773 non
912 2746 1003 2773 tan·-

172 2791 260 2833 tum
273 2785 498 2829 labefactari
508 2800 649 2840 corpus
663 2817 677 2834 ‚
696 2792 733 2829 δ(
747 2790 919 2842 peruerti
931 2800 1003 2827 na-

174 2858 269 2887 turae
292 2842 468 2885 ordinem
483 2869 497 2888 ,
521 2841 585 2882 sed
608 2842 689 2882 Dei
718 2841 1000 2884 authoritatem

173 2901 303 2954 palam
322 2896 519 2941 conuelli,
532 2895 687 2936 simulac
710 2895 897 2951 quispiam
915 2897 1001 2952 plus

172 2955 332 3006 vsurpat
345 2951 456 3004 quim
469 2950 538 2990 sibi
550 2950 682 2990 datum
698 2951 763 2991 est.

233 3005 283 3052 2'6
341 3007 428 3050 Siue
431 3006 581 3058 patitur
596 3015 713 3044 'vnum
726 3002 901 3047 membri&
918 3006 999 3049 Ta-

697 43 779 86 IN
834 41 1062 89 Eprsr.
1118 43 1350 91 PAvtt

1045 109 1090 152 lis
1103 113 1320 160 συμπάθεια,
1335 113 1477 168 inquit,
1489 110 1532 159 in
1545 121 1716 166 torpore
1732 108 1876 155 huma&

1047 180 1100 207 no
1114 170 1311 214 vanui-,vt
1326 169 1535 221 vnicuique
1549 167 1730 208 membro
1733 166 1877 222 ,liquid

1045 221 1291 264 incommodi
1304 219 1610 275 sentiat,reliqua
1623 223 1759 262 omnia
1773 226 1878 263 οοῆό

1044 273 1248 318 dolescant
1263 305 1277 324 ‚
1294 289 1340 316 vt
1353 274 1626 334 congaudeant
1639 272 1761 316 bor-102
1774 289 1874 334 ergo

1046 329 1130 369 illic
1146 345 1218 370 nec
1229 331 1383 373 inuidiae
1401 332 1508 372 locus
1525 327 1594 376 est,
1611 343 1683 370 nee
1695 342 1878 380 contem·-

1046 382 1365 435 ptui.Glorificari
1377 384 1446 427 hic
1459 385 1533 425 late
1548 387 1719 439 eapitur,
1731 395 1806 439 pro
1818 385 1879 426 Be

1048 450 1098 485 ne
1111 437 1258 480 habere
1270 444 1308 481 ἃ
1321 439 1519 482 foeliciter.
1546 438 1667 481 Nihil
1682 452 1811 480 autem
1824 439 1879 480 ad

1049 488 1259 533 fouendum
1271 495 1498 538 consensum
1527 493 1602 534 hac
1617 498 1881 542 communita-

1048 555 1088 584 te
1101 547 1319 598 aptiuswbi
1332 548 1488 604 quisque
1503 549 1670 589 aliorum
1684 547 1799 604 bonis
1810 560 1880 590 tan

1048 599 1210 640 tundem
1224 602 1261 643 se
1271 602 1405 650 ditari,
1422 608 1461 646 &
1472 604 1633 659 penuria
1646 603 1684 644 se
1697 605 1821 645 minui
1833 616 1880 644 a·

1049 653 1222 710 gnoscit.

1107 722 1156 758 27
1213 712 1292 747 Vos
1313 719 1435 750 autem
1459 710 1543 765 estis
1561 721 1690 765 corpus
1722 707 1880 766 chrrsti.

1049 763 1158 820 Ergo
1172 775 1254 815 quae
1264 762 1313 803 de
1326 771 1502 820 corporis
1514 766 1678 809 humani
1689 779 1826 807 natura
1838 770 1881 810 δί

1050 815 1148 857 statu
1161 817 1265 858 diota
1277 819 1360 860 sunt
1375 847 1389 866 ‚
1406 819 1456 861 ad
1472 835 1545 862 nos
1556 820 1703 862 debent
1719 835 1880 862 accom-

1052 871 1205 913 modari
1218 887 1227 911 :
1242 886 1367 926 neque
1383 877 1489 916 enim
1502 876 1652 916 tannim
1676 877 1800 916 ciuilis
1818 876 1883 917 so-

1051 929 1170 968 cietas
1194 926 1319 969 sumus
1335 956 1350 975 ‚
1377 927 1441 970 sed
1456 929 1557 971 insiti
1569 933 1610 971 in
1625 930 1774 974 Christi
1787 945 1881 971 cot-

1052 993 1122 1034 pus
1142 1009 1157 1028 ‚
1182 983 1252 1023 alii
1263 982 1387 1024 sumus
1399 985 1491 1024 vere
1515 984 1679 1027 aliorum
1692 985 1882 1026 membra.

1053 1036 1239 1128 {³¹5⁶un
1249 1041 1368 1096 igitur
1382 1035 1541 1092 quisque
1557 1038 1726 1079 nostrum
1740 1039 1882 1088 habet,

1070 1089 1124 1130 ibi
1137 1093 1178 1131 in
1194 1106 1442 1133 communem
1462 1092 1627 1138 fratrum
1655 1092 1884 1140 aedificatio·

1053 1157 1144 1184 nem
1170 1145 1306 1187 datum
1332 1148 1424 1187 sciat
1443 1147 1633 1203 :ideoque
1645 1146 1825 1189 conferat
1840 1151 1884 1191 in

1053 1199 1225 1240 medium
1241 1228 1255 1247 ‚
1273 1215 1399 1256 neque
1424 1205 1527 1243 intus
1541 1202 1667 1243 veluti
1693 1203 1891 1256 sepultum

1053 1266 1209 1308 premat
1224 1284 1238 1302 ,
1251 1268 1317 1296 aut
1329 1255 1435 1310 quast
1447 1255 1794 1312 proprioftuatur.
1816 1261 1891 1313 qui

1054 1309 1213 1350 excellit
1225 1309 1435 1352 maioribus
1449 1314 1588 1368 gratiis
1599 1339 1615 1358 ,
1631 1325 1712 1352 non
1724 1310 1821 1353 fastu
1839 1325 1884 1352 e—

1053 1364 1152 1405 latus
1168 1365 1268 1405 alios
1283 1364 1553 1420 despiciat:sed
1565 1369 1720 1428 cogitet
1735 1368 1891 1408 nullum

1055 1418 1129 1461 esse
1143 1433 1223 1460 tam
1236 1420 1415 1475 pusillum
1428 1423 1495 1473 qui
1507 1435 1595 1462 non<
1606 1426 1650 1461 iit
1666 1420 1888 1463 vsui.Sicuti

1055 1488 1188 1515 reuera
1214 1474 1367 1515 infimus
1380 1477 1498 1527 etiam
1510 1474 1624 1528 pierii
1676 1489 1722 1515 ro
1745 1477 1808 1516 sua
1821 1489 1885 1517 te-

1055 1531 1205 1569 nuitate
1216 1527 1441 1576 fruffificat,
1460 1529 1619 1584 nequod
1646 1542 1676 1570 it
1693 1531 1831 1570 inutile
1843 1534 1887 1571 in

1055 1584 1228 1624 Ecclesia
1239 1583 1516 1638 membrfi‚Q
1532 1599 1612 1638 non
1629 1584 1784 1637 pollent
1797 1597 1889 1624 tan·-

1056 1650 1100 1678 to
1118 1637 1376 1685 honore‚n0n
1392 1641 1567 1681 inuideat
1582 1637 1889 1688 maioribus,ne-

1056 1705 1130 1744 que
1145 1693 1247 1734 suum
1262 1695 1340 1735 illis
1352 1691 1576 1747 obsequium
1587 1692 1778 1734 detreffl'n
1794 1721 1808 1740 ‚
1822 1691 1892 1735 sed.

1056 1759 1216 1789 teneant
1228 1746 1434 1790 stationem
1446 1751 1486 1789 in
1501 1762 1576 1803 qua
1588 1748 1673 1792 sunt
1684 1748 1888 1788 collocati:

1056 1801 1102 1842 fit
1114 1816 1265 1843 mutuus
1279 1818 1392 1845 amor
1405 1832 1420 1850 ‚
1434 1815 1564 1844 mutua
1573 1802 1786 1851 συμπάθεια,
1800 1816 1889 1843 mu-

1056 1868 1122 1896 tua
1140 1856 1345 1901 solicitudo
1363 1875 1372 1898 z
1388 1871 1544 1899 moueat
1570 1872 1642 1900 nos
1671 1859 1892 1898 communis

1056 1911 1225 1958 vtilitas,
1239 1926 1288 1953 ne
1300 1914 1562 1968 malignitate,
1576 1925 1642 1953 aut
1656 1910 1894 1958 inuidia,aut.

1056 1965 1251 2020 superbia,
1264 1981 1328 2008 aut
1344 1968 1428 2008 vllo
1441 1965 1599 2007 dissidio
1614 1965 1787 2006 Ecclesia
1796 1979 1891 2019 per-

1056 2019 1205 2063 damus:
1223 2021 1288 2063 sed
1298 2028 1430 2075 potius
1441 2020 1581 2078 finguli
1593 2023 1634 2060 in
1647 2022 1723 2061 eius
1741 2019 1882 2060 conse-0

1057 2079 1277 2118 crationem
1286 2090 1360 2131 pro
1377 2077 1440 2117 sua
1450 2075 1557 2117 virili
1568 2072 1888 2116 incumbat-Am·

1057 2131 1167 2183 plum
1195 2144 1467 2189 argumentum
1485 2133 1523 2172 ἃ
1540 2126 1797 2183 splendidum:
1815 2144 1890 2170 ve·

1056 2184 1145 2225 rum
1157 2185 1259 2228 mihi
1282 2183 1427 2227 sufficit
1442 2182 1624 2226 indicasse
1637 2181 1804 2237 qualiter
1816 2196 1892 2236 ap-

1056 2239 1241 2292 plicanda
1263 2240 1309 2281 fit
1323 2239 1495 2293 superior
1514 2235 1727 2279 similitudo
1747 2236 1798 2277 ad
1812 2240 1891 2278 Ec-

1057 2295 1228 2336 cleliam.
1257 2294 1434 2335 Membra
1448 2302 1627 2347 exparte.
1642 2290 1884 2345 chrysosto-

1058 2362 1142 2390 mus
1169 2350 1272 2393 hanc
1297 2349 1530 2404 particulam
1557 2345 1729 2389 additam
1758 2359 1890 2399 puta-t,

1057 2408 1145 2456 quia
1172 2420 1254 2447 non
1278 2405 1398 2447 essent
1421 2401 1629 2446 Corinthii
1657 2401 1885 2442 vniuersalis

1056 2459 1227 2501 Ecclesia
1245 2463 1334 2515 :qui
1347 2458 1473 2500 sensus
1500 2456 1600 2500 mihi
1616 2453 1773 2495 videtur
1791 2470 1889 2496 coa-

1057 2516 1169 2554 otior.
1190 2513 1417 2569 Aliquando
1429 2513 1561 2567 putaui
1573 2522 1710 2551 notam
1725 2509 1800 2550 este
1812 2512 1892 2549 im-

1055 2571 1311 2622 proprietatis
1325 2596 1340 2615 ,
1359 2569 1468 2608 ficuti
1483 2563 1761 2611 Latinidicunt
1774 2565 1893 2620 Qo-

1054 2622 1271 2664 dammodo
1287 2638 1297 2661 ε
1312 2621 1374 2661 sed
1388 2621 1480 2662 dum
1498 2622 1659 2674 propius
1676 2621 1810 2660 omnia
1822 2633 1892 2659 ex·-

1052 2676 1333 2730 pendo,potius
1351 2673 1481 2719 refero
1499 2675 1550 2718 ad
1560 2675 1669 2716 illam
1682 2672 1887 2713 membro-

1052 2743 1137 2770 rum
1150 2729 1379 2772 diuisionem
1392 2734 1497 2772 cuius
1512 2730 1759 2770 meminerat.
1777 2729 1890 2769 Mem

1053 2782 1123 2825 bra
1135 2787 1254 2841 igitur
1267 2799 1313 2826 ex
1327 2799 1438 2840 parte
1454 2783 1654 2832 sunt,ficut
1667 2785 1804 2836 cuique
1823 2795 1888 2823 at·

1053 2839 1200 2881 tributa
1213 2837 1265 2881 est
1279 2839 1341 2881 sua
1364 2843 1496 2894 portio
1512 2843 1551 2883 &
1560 2837 1715 2878 finitum
1728 2835 1883 2878 officiii·

1055 2893 1116 2935 Ad
1133 2893 1238 2935 hunc
1251 2894 1396 2937 sensum
1409 2905 1615 2937 contextus
1625 2891 1706 2947 ipse
1721 2905 1793 2933 nos
1803 2888 1879 2936 du·

1051 2949 1181 2995 cit‚ita
1195 2951 1252 2990 Ex
1269 2963 1381 3004 parte
1393 2953 1433 2996 &
1449 2952 1499 2996 In
1511 2946 1680 2993 solidum
1694 2957 1807 2995 erunt
1821 2946 1886 2986 in-

1723 3055 1897 3123 ,εέε

1037 3015 1113 3071 vter
1131 3003 1169 3046 se
1185 3005 1378 3060 oppofita.

1705 3196 1722 3203 s
