1980 3338
683 48 782 94 AD·
836 44 1199 92 GAL'ATAs.

55 105 206 157 delam
219 117 305 162 iure
315 113 420 159 aare
430 113 654 171 pertinuisse
663 115 903 172 affer-ittquia

56 166 258 215 Dominus
276 176 469 214 virtutem
493 170 599 212 suam
627 185 831 214 exet-uerat
860 175 902 213 in

57 223 142 265 eius
157 224 498 269 ministerio.Talis
507 239 638 268 autem
664 228 823 268 Diuinae
838 227 903 268 ef-·

57 275 202 322 ficaciae
216 280 544 328 manifestati0,vt
555 285 634 323 iam
649 282 780 336 saepius
796 282 903 324 vidi-

60 337 270 389 mus,quafi
283 338 454 396 sigillum
479 333 595 379 estad
615 335 902 395 obfignandarn

57 388 244 431 doarinae
260 391 533 433 certitudinem
551 419 565 439 ‚
589 395 630 433 ὅ(
653 392 902 434 sanciendum

58 443 231 487 docendi
246 461 382 488 munus
396 478 406 487 .
421 446 553 490 Porto
580 446 745 489 dubium
776 447 830 488 est
853 464 902 489 an

38 496 279 543 efficaciam
305 504 386 543 Dei
403 498 550 541 referat
577 504 719 543 Paulus
743 502 793 544 ad
821 502 902 544 suc-

59 553 201 596 cessum
228 556 297 597 suae
316 556 605 609 praedicationis
622 587 635 605 ,
651 572 701 598 an
731 559 832 600 vero
852 559 903 601 ad

59 613 207 665 gratias
224 614 384 666 Spiritus
397 611 532 657 sanffi,
552 626 632 664 quae
648 626 740 654 tunc
751 613 903 656 daban-

60 677 124 705 tur
139 665 400 708 credentibus.
414 669 444 706 E
479 681 502 705 o
528 682 608 709 non
624 667 672 708 de
697 669 799 710 nudo
816 669 901 711 suc·

59 718 161 760 cess'u
173 723 343 775 accipio,
362 720 426 762 sed
469 736 489 760 e
505 719 691 774 spirituali
723 729 900 783 energia,

56 777 404 828 cuius'1.Cor.2.4
427 780 620 818 meminit.
648 783 803 820 Summa
831 779 901 829 cst,

57 842 142 869 non
155 827 262 871 fuisse
278 845 421 873 vanam
439 834 660 885 paffionem
680 863 689 878 ,
704 848 819 885 quarn
837 840 901 876 in-

58 895 121 928 ter
135 883 173 924 se
186 884 397 928 habuerint
411 885 591 940 Apostoli
607 917 621 936 ,
637 888 700 930 sed
716 890 900 932 iudicium

58 937 262 983 Diuinitus
274 941 538 999 oblignatum.

128 1008 153 1044 9
217 996 427 1051 ..Qiimque
453 994 697 1049 cognouiffint
716 998 900 1050 gratiam.

59 1047 213 1089 Odiose
226 1050 428 1105 superbum
445 1066 582 1102 eorum
610 1050 806 1093 fastidium
819 1066 902 1092 tra-

55 1101 319 1159 ducit,quibus
334 1105 465 1161 si'isque
488 1106 614 1160 de'que
637 1121 720 1149 erat
735 1108 816 1147 Dei
828 1118 903 1163 gra

58 1160 215 1212 tia,quae
230 1164 438 1214 primarios
456 1160 672 1215 Apostolos
696 1164 737 1202 in
753 1160 808 1205 sui
825 1162 901 1201 ad-

58 1216 311 1256 mirationem
327 1221 366 1259 &
379 1218 596 1257 reuerentia
609 1229 792 1256 traxerat.
822 1218 901 1256 mi-

56 1270 162 1309 nime·
178 1274 285 1312 enim
298 1270 462 1312 ferenda
490 1283 575 1310 erat
598 1283 733 1310 eorum
758 1273 902 1312 conni-

56 1326 189 1365 uentia
207 1354 220 1371 ,
235 1325 263 1365 fi
275 1326 420 1367 nescire
448 1324 485 1365 se
511 1323 774 1365 obtenderent
795 1326 903 1379 quod

61 1376 177 1420 initio
193 1380 468 1434 perspexerant
481 1378 677 1432 Apostoli.
692 1379 772 1421 Hic
781 1381 901 1422 admo

56 1434 384 1481 neuuir‚dandum
402 1433 477 1475 ess'e
491 1435 623 1474 locum
651 1439 785 1489 gratiae
800 1437 900 1483 Dei,

56 1486 279 1541 vbicunque
315 1489 552 1542 conspicitur
567 1517 582 1536 ‚
620 1489 691 1529 nisi
731 1491 900 1531 velimus

52 1555 142 1582 cum
160 1546 302 1597 Spiritu
317 1545 400 1598 ipso
413 1544 559 1584 bellum
576 1558 730 1599 gerere,
747 1549 811 1599 qui
824 1545 900 1586 do·

57 1611 109 1637 na
127 1596 190 1639 sua
202 1599 328 1641 otiosa
343 1599 414 1641 ess'e
429 1615 510 1639 non
524 1600 625 1639 vult.
645 1602 754 1657 Ergo
772 1601 902 1657 gratia

54 1665 172 1704 quam
200 1655 374 1696 Paulo&
401 1653 590 1694 Barnabae
602 1652 734 1694 datam
760 1668 898 1695 cerne-

56 1705 152 1748 bant
167 1707 439 1762 Apostoli,eos
450 1712 631 1749 incitauit
644 1708 695 1749 ad
722 1708 899 1751 sancien-

54 1759 146 1802 dam
162 1762 362 1805 ministerii
379 1761 741 1804 societate‘Jacohus
757 1772 808 1810 (φ
827 1769 900 1803 Ce-

51 1815 167 1869 phas.
181 1822 264 1859 Iam
281 1818 448 1873 superius
462 1817 542 1859 dixi
566 1819 671 1860 hunc
699 1812 812 1860 fuiss'e
824 1820 900 1860 Al-

55 1872 161 1923 phaei
172 1873 438 1929 filiumzneque
454 1879 560 1913 enim
590 1873 713 1915 frater
726 1876 901 1916 'Ioannis

54 1927 130 1967 effe
146 1942 302 1980 poterat
316 1959 329 1977 ‚
349 1942 464 1984 quem
492 1930 611 1981 paulo
627 1930 716 1970 ante
729 1929 901 1971 loccide-

54 1996 115 2022 rat
127 1984 322 2025 Herodes.
337 1989 374 2026 ὃ(
385 1998 505 2025 vnum
523 1983 646 2024 fuisse?
659 1999 704 2024 ex
729 1983 901 2038 discipu-

53 2037 117 2078 lis:
134 2042 200 2091 qui
227 2040 329 2080 adeo
358 2054 437 2094 pra·
464 2038 675 2092 Apostolisj
691 2043 900 2086 emineret,

55 2093 176 2134 valde
192 2123 204 2141 ,
234 2109 325 2136 meo
348 2097 494 2136 iudicio
515 2123 531 2140 ‚
560 2094 654 2134 ess'et
677 2092 900 2134 absurdum.

57 2149 191 2201 Qod
221 2165 350 2190 autem
390 2150 598 2203 primarius
640 2147 764 2188 fuerit
801 2153 901 2189 inter

56 2202 273 2254 Apostolos
292 2234 305 2251 ‚
321 2208 443 2245 Lucas
471 2206 591 2242 etiam
618 2201 788 2242 ostendit
804 2233 815 2250 ‚
836 2207 901 2254 qui

55 2262 353 2310 perorationem
383 2261 442 2299 illi
470 2257 608 2297 tribuit
621 2285 636 2304 ‚
651 2262 688 2299 &
702 2258 817 2298 causae
829 2258 902 2300 de-

958 112 1186 156 finitionem
1199 115 1240 155 in
1257 114 1644 164 concilimAaomm
1656 119 1813 172 15³9&

961 171 1060 209 21.18
1075 198 1090 217 ,
1111 183 1246 212 narrat
1260 183 1402 211 omnes
1428 173 1612 214 Seniores
1633 173 1810 214 ecclefiae

960 224 1299 278 lerosolymitanae
1315 224 1366 267 ad
1380 239 1467 267 eum
1480 225 1592 268 fuisse
1602 241 1816 286 congrega

960 292 1039 320 tos.
1057 279 1182 322 Fuisse
1205 293 1336 321 autem
1367 281 1467 332 vifis
1489 281 1681 328 columpas
1695 298 1811 332 ,non

933 350 937 353 ’
960 347 1034 388 per
1061 349 1335 390 contemptum
1356 335 1480 385 dicit,
1504 337 1568 378 sed
1587 340 1811 379 citatcom-

961 403 1119 431 munem
1135 394 1381 445 opinionem:
1398 395 1486 446 quia
1501 393 1594 435 inde
1619 392 1810 446 sequitur,

962 460 1043 485 non
1058 446 1205 486 temere
1221 444 1326 499 poss‘e
1352 447 1550 499 repudiari
1575 447 1682 502 quod
1699 446 1811 488 fece·

959 514 1032 540 run
1040 502 1206 556 t.Qum
1222 501 1290 542 hic
1306 502 1461 556 quaestio
1494 503 1540 543 fit
1554 500 1603 544 de
1629 501 1815 559 dignita-

960 568 1016 602 te,
1032 558 1173 597 mirum
1188 555 1242 597 est
1263 556 1449 596 Iacobum
1465 558 1587 598 Petro
1613 556 1808 611 praeferri.

960 608 1131 652 fortassis
1161 612 1202 652 id
1215 611 1359 652 fastum
1374 609 1465 659 fuit,
1487 612 1594 665 quod
1606 611 1810 667 lerosoly-

960 669 1116 707 mitanae
1139 667 1305 707 ecclesia:
1329 680 1413 707 erat
1437 666 1656 721 praefestus.
1681 666 1809 724 Qod

959 721 1010 761 ad
1024 734 1170 762 nomen
1187 723 1394 770 Columnae
1405 724 1549 764 attinet
1564 752 1580 770 ‚
1599 722 1736 763 scimus
1749 726 1808 763 ita
1859 746 1863 749 -

960 774 1065 817 ferre
1082 791 1212 816 rerum
1239 789 1414 817 naturam
1429 805 1443 824 ,
1467 791 1514 818 vt
1527 781 1591 832 qui
1622 780 1807 836 ingenio,

959 832 1026 872 vel
1056 831 1290 885 prudentia,
1306 834 1372 872 vel
1395 834 1481 873 aliis
1507 831 1666 873 dotibus
1692 845 1812 874 ante-

960 887 1156 932 cellunt,ii
1173 900 1329 940 quoque
1339 888 1582 929 authoritate
1605 887 1680 928 fint
1694 887 1809 942 supe-

959 943 1146 981 riorean
1162 941 1334 981 Ecclesia
1350 943 1429 982 Dei
1442 945 1496 983 ita
1512 958 1570 983 res
1588 941 1711 983 habet
1728 972 1742 990 ,
1758 957 1807 984 vt

959 1009 1039 1049 quo
1054 993 1212 1048 quisque
1244 999 1395 1036 maiore
1422 998 1549 1049 pollet
1576 1000 1708 1053 gratia
1725 1026 1740 1044 ,
1757 1011 1808 1039 eo

958 1050 1047 1102 plus
1061 1050 1227 1092 honoris
1239 1047 1386 1091 deferri
1402 1051 1461 1092 illi
1473 1050 1630 1091 debeat.
1660 1053 1706 1091 In
1713 1066 1811 1109 gra-

959 1102 1089 1144 titudo
1103 1107 1208 1143 enirn
1225 1102 1294 1150 est,
1312 1107 1393 1145 imo
1407 1108 1591 1156 impietas
1604 1134 1620 1153 ,
1635 1120 1718 1147 non
1735 1121 1811 1147 co·-

957 1157 1043 1198 lere
1065 1158 1146 1198 Dei
1178 1160 1363 1211 Spiritum
1381 1188 1394 1206 ‚
1410 1159 1634 1215 vbicunque
1666 1164 1708 1201 in
1733 1160 1812 1203 suis

957 1211 1074 1253 donis
1100 1226 1278 1266 apparet.
1307 1213 1468 1254 Deinde
1497 1215 1608 1256 ficuti
1639 1217 1810 1269 populus

958 1282 1092 1308 carere
1104 1267 1265 1310 Pastore
1280 1272 1488 1321 nequitzita
1513 1270 1654 1327 finguli
1666 1271 1812 1312 Pasto-

957 1337 1044 1362 rum
1067 1337 1190 1364 coetus
1218 1322 1512 1365 moderatorem
1541 1328 1716 1380 aliquem
1734 1326 1811 1369 de-

959 1377 1295 1419 siderantNercim
1310 1377 1463 1433 semper
1485 1383 1616 1422 valeat
1631 1380 1746 1429 illud,
1761 1394 1812 1423 vt

959 1436 1026 1484 qui
1041 1437 1217 1473 omnium
1233 1431 1286 1473 est
1299 1436 1462 1487 primus,
1478 1434 1526 1475 fit
1546 1449 1737 1491 tanquam
1751 1439 1809 1478 mi

959 1485 1330 1540 nister,Matt.23.11.
1793 1539 1799 1544 ³

1013 1556 1057 1583 ιο
1115 1545 1276 1582 Tantam
1294 1552 1340 1581 vt
1346 1552 1565 1594 pauperum.
1596 1543 1798 1598 Apparet,

958 1594 1098 1638 statres
1111 1600 1176 1652 qui
1194 1600 1233 1638 in
1248 1597 1372 1639 Iudaea
1386 1612 1515 1646 erant,
1529 1598 1720 1640 laborasse
1736 1612 1809 1638 ex.

957 1665 1084 1693 trema
1100 1653 1406 1706 inopiazalioqui
1419 1668 1499 1694 non
1524 1654 1747 1711 grauaffent
1757 1668 1806 1694 a-

956 1708 1031 1748 lias
1044 1708 1237 1748 ecclefias.
1250 1706 1297 1748 Id
1309 1711 1455 1762 partim
1471 1708 1650 1750 accidere
1674 1713 1809 1762 potuit

956 1762 1011 1802 ob
1044 1766 1173 1803 vai-ias
1211 1766 1331 1804 totius
1360 1763 1502 1804 Gentis
1543 1766 1808 1805 calamitates:

957 1821 1101 1871 partim
1116 1815 1222 1872 quod
1236 1818 1430 1858 crudelius
1457 1818 1698 1860 saeuientibus
1732 1818 1812 1860 suis

958 1872 1166 1914 tribulibus
1182 1901 1196 1920 ,
1213 1872 1391 1925 quotidie
1403 1873 1517 1913 bonis
1543 1874 1803 1914 exuebantur.

959 1928 1153 1981 AEquum
1167 1929 1266 1970 verb
1285 1941 1367 1968 erat
1380 1927 1486 1979 ipsos
1516 1928 1711 1970 subleuari
1725 1942 1807 1983 ope

959 1983 1264 2037 Gentilium‚qui
1277 1983 1710 2040 Euangelium,bonum
1732 1984 1808 2025 sci-

958 2038 1054 2077 licet
1084 2037 1398 2090 incomparabile
1421 2069 1435 2087 ,
1470 2039 1548 2078 illis
1587 2039 1808 2080 debebant.

961 2093 1102 2132 Paulus
1115 2091 1149 2131 se
1162 2091 1332 2133 fideliter
1360 2090 1573 2145 praestitiss‘e
1585 2093 1684 2135 dicit
1696 2094 1807 2148 quod

959 2147 980 2185 ὲ
996 2147 1033 2187 se
1063 2150 1262 2199 petierant
1291 2146 1489 2200 Apostoli.
1506 2148 1684 2189 detrahit
1705 2163 1806 2208 ergo

959 2200 1187 2298 aduersariis
1235 2215 1467 2257 praetextum
1505 2217 1625 2259 quem
1665 2217 1807 2259 capta-

989 2270 1073 2298 ant.

123 2408 165 2443 11
299 2413 415 2447 uum
429 2411 599 2448 autem
616 2389 836 2464 venisset
852 2395 1040 2447 Petrus
1056 2391 1413 2457 Antiochiam,
1422 2389 1606 2477 palam
1622 2399 1673 2453 ei
1687 2395 1808 2471 resti

58 2470 176 2531 τί,εο
191 2470 284 2547 qu'o
295 2472 333 2529 d
347 2475 715 2557 reprehensione
740 2472 921 2551 dignus
937 2471 1074 2548 effer.

123 2575 173 2607 ιε
251 2561 415 2612 Nam
431 2577 705 2632 antequam
727 2555 982 2629 venissent
997 2555 1203 2632 quidam
1218 2552 1252 2612 a
1271 2554 1596 2620 Iac0b0,vna
1611 2560 1678 2618 cii
1694 2567 1807 2620 Gen

61 2633 202 2692 tibus
213 2637 452 2710 firmebat
469 2638 807 2715 abumarum
820 2658 992 2695 autem
1010 2638 1527 2714 veniffientfitbduxit
1542 2665 1605 2698 ac
1605 2649 1804 2726 st’para,

58 2721 200 2791 uitse
229 2718 296 2775 ab
312 2724 414 2776 illis
429 2765 444 2783 ,
464 2741 688 2779 metuens
703 2744 783 2777 eos
799 2726 1050 2797 quierant
1065 2743 1129 2777 ex·
1148 2727 1192 2777 C
1193 2723 1529 2798 ircnncifione.

124 2822 172 2869 13
235 2806 327 2859 Ac
329 2803 645 2878 simulabant
661 2801 770 2860 vna
787 2826 899 2860 cum
917 2808 1000 2859 illo
1018 2810 1181 2859 caeteri
1193 2815 1388 2881 quoque
1405 2804 1709 2866 [adei-adet}
1727 2827 1794 2868 vt

65 2883 342 2941 Barnabas
350 2886 507 2961 fimttl
523 2886 858 2943 abduceretur
871 2891 923 2941 in
939 2888 1527 2963 illorumsimulationem.

124 2988 183 3033 14
250 2973 307 3023 V
309 2963 451 3024 eriam
466 2969 562 3025 vbi
578 2969 813 3043 z'idtffim
844 2965 980 3044 qubd
989 2992 1084 3026 non
1099 2973 1231 3027 rec'bo
1251 2969 1383 3053 pede
1411 2970 1701 3030 incederent
1729 2972 1805 3030 ad

63 3052 345 3110 veritatem
365 3057 653 3135 Euangelii,
679 3052 792 3116 dixi
811 3058 966 3110 Petro
984 3072 1154 3111 coram
1169 3052 1408 3116 omnibus,
1426 3059 1555 3113 Situ
1571 3057 1803 3135 quamsi]-
