1980 3338
564 1 574 20 fi

131 99 312 142 hortatur
328 98 380 141 ad
403 110 575 140 mutuam
589 99 859 153 concordiam.
885 115 963 154 qua

131 156 337 196 occasione
361 154 411 194 de
447 151 844 210 Ecclesiaere'gimine
883 168 964 195 tra-

132 211 412 264 &atzquoniam
431 211 486 248 ita
499 207 544 246 fit
557 207 827 261 compelitunr
838 208 858 246 a
870 209 963 248 Do·-

134 267 312 311 min0,vt
323 264 523 304 vinculum
539 261 585 301 sit
598 275 759 303 vnitatis
773 265 876 303 inter
891 278 964 303 nos

129 316 335 360 seruandae.
597 358 599 360 ,

133 394 141 415 ·.
190 388 205 412 1
260 377 335 424 Ego
349 368 500 409 'vinHus
513 369 552 406 in
567 370 743 409 Domino.
771 371 806 409 A
823 374 964 412 vincu-

133 427 181 467 lis
207 439 288 480 quae
313 425 543 467 videbantur
568 439 654 463 eum
685 423 963 476 despicabilem

130 481 574 526 reddere,mai0rem(vt
592 480 710 519 etiam
725 479 820 519 alibi
838 482 963 521 visum

135 534 210 584 est)
229 535 299 574 fibi
319 534 599 574 authoritatem
616 532 813 574 vendicat.
840 537 964 576 Erant

133 595 238 631 enim
264 589 386 629 veluti
409 588 576 644 sigillum
602 587 830 628 honorificae
859 587 962 630 illius

132 645 339 702 legationis
358 656 472 695 quarn
486 642 831 683 obtinuerat.Nam
852 648 963 698 quic,-

133 699 227 752 quid
241 698 292 738 est
309 700 343 738 C
350 697 651 749 hristioet'oemfi
663 711 797 738 coram
813 699 961 745 mundo

135 756 183 794 fit
197 752 517 810 ignominiosum,
534 752 686 793 summo
701 766 793 792 cum
804 752 963 795 honore

134 807 413 861 suscipiendum
433 807 453 846 ἐι
467 807 580 847 nobis
593 807 645 847 est
662 824 672 845 ι
689 820 734 847 vt
751 808 836 860 plus
851 823 962 848 reue-

132 868 264 906 rentiae
290 861 435 902 habeat
453 861 636 916 Apostoli
664 877 823 911 carcer,
846 866 962 917 quam

134 933 273 959 omnes
287 929 422 974 regum
436 930 590 970 pompae
605 922 643 958 ὅ(
658 919 862 970 triumphi.
882 917 963 956 Di-

78 1003 81 1004 .
130 973 206 1026 gn?
222 970 418 1021 qmbuletis
431 1001 440 1016 ρ
456 1008 458 1010 ,
487 972 692 1026 Generalis
717 972 907 1014 sententia
923 978 963 1015 &

134 1029 240 1083 quasi
254 1026 431 1081 praefatio
449 1031 664 1068 communis
666 1041 728 1074 ,ex
743 1041 963 1080 quavmanat

135 1082 321 1137 quicquid
335 1080 465 1136 postea
479 1082 657 1136 sequitur.
675 1084 741 1123 De
754 1086 964 1124 vocatione

126 1151 276 1185 >‚eorum
305 1140 411 1190 prius
433 1135 603 1176 disseruit
619 1153 629 1175 2
647 1150 751 1177 nunc
773 1136 963 1180 admonet

134 1191 217 1233 hoc
229 1190 368 1232 restare
384 1205 403 1237 ,⁸
415 1203 460 1230 vt
472 1190 509 1230 se
522 1192 613 1231 Deo
633 1194 848 1247 morigeros
865 1207 966 1246 prat·—

132 1245 293 1293 beatme
308 1247 379 1286 fint
391 1258 499 1285 tanta
515 1249 642 1302 gratia
658 1246 963 1302 indigni.Q1um

76 1352 80 1353 ⁷
131 1303 186 1343 ad
213 1302 355 1356 species
388 1299 588 1340 descendit
601 1329 615 1347 ‚
640 1304 808 1353 primum
834 1303 964 1342 locum

125 1356 205 1399 ,dat
220 1357 557 1403 humilitati.ratio
567 1353 637 1399 est,
652 1358 743 1409 quia
753 1355 802 1395 de
814 1359 966 1398 vnitate

126 1410 259 1453 ‚verba
271 1409 436 1451 facturus
452 1423 548 1454 erat.
567 1414 710 1463 primus
724 1423 855 1450 autem
871 1426 965 1468 gra-

127 1465 203 1508 dus
217 1479 295 1519 quo
311 1465 362 1517 ad
371 1479 461 1504 eam
476 1468 698 1518 peruenitur
711 1493 726 1510 ‚
738 1465 793 1505 est
805 1465 964 1507 humili-

130 1522 302 1562 tas.Haec
321 1523 424 1560 enim
438 1518 764 1563 mansuetudinem
780 1535 826 1560 ex
841 1520 878 1559 se
891 1535 964 1574 pa-

131 1579 188 1626 rit
202 1603 215 1621 ,
237 1589 318 1629 quae
343 1577 414 1615 nos
439 1574 581 1614 deinde
603 1574 731 1615 reddit
754 1577 961 1628 patientes.

128 1629 276 1673 fratres
288 1642 418 1670 autem
431 1627 582 1669 nostros
609 1628 824 1671 sustinendo
839 1660 853 1679 ,
869 1634 964 1671 reti-

127 1699 271 1730 nemus
293 1683 486 1726 vnitatem
499 1713 516 1732 ,
542 1696 623 1738 quae
647 1685 792 1737 alioqui
816 1689 963 1726 centies

129 1739 308 1794 quotidie
321 1738 633 1792 abrumperetur.
665 1740 963 1782 Meminerimus

134 1795 495 1851 ergo,principium
505 1794 678 1834 colendae
695 1791 876 1837 fraternae
893 1794 965 1836 be-

131 1849 361 1890 neuolentiae
374 1847 449 1888 effe
464 1847 845 1889 humilitatemwnde
858 1852 963 1890 enim

125 1906 356 1958 proterunt,
371 1900 483 1942 fastus
496 1929 511 1948 ‚
528 1903 772 1942 contumeliae
784 1903 964 1946 aduersus

127 1953 398 2000 fratres?vnde
409 1955 626 2008 'rixaeffnde
640 1957 907 1999 insultationes
925 1963 965 2001 δε

127 2012 367 2068 probramisi
378 2014 467 2066 quia
479 2012 517 2051 se
533 2010 688 2066 quisque
700 2014 816 2052 nimis
838 2026 962 2061 amat,

125 2072 174 2110 ἃ
187 2070 299 2108 nim-is
315 2066 540 2120 fibiplacess
563 2068 671 2128 Ergo
688 2071 752 2120 qui
768 2082 962 2124 arrogan-

126 2124 228 2163 tiam
241 2122 474 2176 deposuit,&
488 2121 557 2161 fibi
568 2121 680 2162 denir
696 2123 961 2175 placei-eman

127 2175 259 2219 suetus
270 2181 342 2217 erit
357 2180 394 2218 ὅ(
406 2175 543 2216 facilis.
556 2177 626 2216 tali
636 2173 760 2228 porro
775 2177 962 2218 modera-

123 2235 244 2273 tione
258 2230 425 2285 quisquis
438 2235 512 2271 erit
528 2230 725 2285 praeditus,
743 2233 865 2272 multa
876 2231 961 2273 fra-

126 2286 253 2328 tribus
267 2284 460 2344 ignoscet,
472 2287 592 2326 multa
605 2285 804 2327 tolerabit.
823 2289 960 2342 Qare

126 2340 323 2384 notandus
337 2339 387 2380 est
399 2341 465 2381 hic
482 2340 578 2381 ordo
594 2344 633 2381 δί
648 2347 959 2396 contextuszquia

127 2395 182 2436 de
206 2397 394 2449 patientia
420 2397 609 2437 inutiliter
631 2397 714 2449 quis
741 2399 959 2450 praecipiet,

128 2449 202 2490 nifi
218 2448 510 2490 mansuefecerit
533 2452 686 2490 animos
702 2454 739 2492 ὃ(
768 2449 958 2492 ferociam

125 2503 496 2551 correxeritzfrustra
512 2505 561 2545 de
578 2504 867 2547 mansuetudine
879 2505 957 2546 con

125 2557 441 2603 tionabitur,nifi
451 2558 501 2599 ab
515 2559 737 2599 humilitate
752 2560 958 2614 sumpserit

123 2613 344 2653 exordium.
358 2613 480 2666 Qod
496 2613 592 2654 dicit
610 2615 657 2650 ln
674 2611 885 2662 diluvione,
903 2615 956 2655 fi—

125 2666 290 2726 gnificat
303 2667 405 2720 quod
415 2667 507 2707 alibi
520 2668 615 2708 dicit
628 2697 644 2715 ,
660 2667 761 2709 hanc
773 2669 848 2711 effe
859 2683 956 2723 pro-

124 2725 253 2776 priam
267 2721 465 2763 charitatis
479 2730 652 2763 naturam
656 2737 718 2771 ,vt
732 2723 778 2764 fit
788 2728 954 2776 patiens·

66 2774 72 2795 ⁷
122 2791 225 2834 ergo
243 2775 311 2817 vbi
323 2775 504 2830 regnabit
519 2792 564 2817 ac
587 2776 741 2833 vigebit
767 2780 955 2826 charitas,

123 2832 250 2874 multa
270 2832 336 2870 alii
359 2834 402 2871 in
424 2831 508 2869 aliis
536 2830 705 2871 feremus
721 2861 732 2872 .
760 2833 953 2875 Caeteriim

121 2898 208 2928 nori
221 2883 421 2927 immerito
434 2885 686 2926 commendat
706 2890 952 2937 patientiam,

125 2954 172 2983 vt
184 2952 338 2982 maneat
349 2941 479 2980 vnitas
501 2938 668 2992 spiritus.
697 2939 890 2994 Qot'idie
900 2954 950 2982 e·'-

120 2999 207 3041 nim
219 2994 368 3036 accidat
380 2995 581 3034 innumera
592 2991 826 3036 offendicula
838 3025 853 3044 ,
869 3011 951 3050 quae

117 3049 392 3098 dissidiai'ntcr
405 3049 477 3094 nos
488 3050 657 3093 excitare
667 3049 838 3106 possent,
849 3064 951 3113 prae3

644 35 726 76 IN
777 32 1003 78 EPIST.
1056 35 1284 78 PAVLI

980 141 988 145 ,
1020 101 1152 142 sertim
1180 106 1220 142 in
1245 115 1352 143 tanta
1375 100 1605 144 morositate
1629 105 1850 157 quantala-

1019 155 1136 196 borat
1161 158 1375 197 humanum
1390 162 1607 214 ingenium.
1635 161 1848 200 1Vm'tatem

1013 210 1179 261 spiritus
1224 212 1381 264 quidam
1418 225 1491 263 pro
1520 213 1707 265 spirituali
1737 220 1847 256 acci-

1018 267 1130 316 piunt
1144 293 1159 311 ,
1177 279 1291 318 quam
1306 269 1346 306 in
1364 267 1477 306 nobis
1491 266 1613 307 efficit
1625 269 1703 307 Dei
1720 272 1847 323 Spiri-

1018 323 1134 358 tus.&
1146 329 1248 359 certe
1261 324 1294 360 is
1309 320 1557 374 cstioiusqiu
1568 338 1640 362 nos
1653 322 1845 364 reddit-v-

1019 376 1194 413 nanimes
1210 401 1226 421 ,
1236 374 1412 429 adeoque
1424 374 1519 416 facit
1534 391 1668 416 vnum.
1692 377 1756 418 sed
1768 392 1847 435 ego

1018 425 1224 479 simplicius
1235 432 1471 483 interpretor
1489 432 1540 471 de
1554 431 1732 471 animorx‘i
1746 447 1847 472 con-2

1018 482 1166 521 cordia.
1196 485 1393 541 Colligati
1413 488 1602 525 vnitatem
1620 487 1739 529 docet
1765 491 1848 524 Pa-

1022 535 1078 571 cis
1092 535 1262 584 vinculo,
1276 553 1484 592 propterea
1499 540 1605 594 quod
1618 555 1662 580 ex
1675 554 1845 581 conten-

1019 590 1190 629 tionibus
1203 592 1404 633 nascuntur
1418 592 1496 634 fere
1513 596 1602 635 odia
1620 600 1656 636 &
1674 597 1848 637 simulta-

1017 657 1090 684 tes.
1105 646 1261 686 Placide
1280 661 1375 703 ergo
1389 650 1613 697 viuendum,
1629 664 1673 691 vt
1690 664 1847 694 maneat

1011 700 1119 739 inter
1133 715 1204 739 nos
1221 701 1506 753 beneuoIentia,

1071 763 1098 802 4
1152 760 1280 793 Van-m
1295 767 1435 808 corpus.
1481 756 1635 797 Clarius
1653 759 1838 811 exprimit

1019 809 1322 862 quarnp‘erfeota
1335 810 1408 851 effe
1421 810 1558 851 debeat
1573 815 1700 852 vnitas
1715 814 1748 852 C
1754 810 1843 853 hri-

1017 866 1228 909 stianorum
1250 881 1258 903 :
1279 879 1421 918 nempe
1436 879 1516 920 quae
1538 870 1705 906 omniex
1732 880 1848 919 parte

1016 918 1120 964 adeo
1135 921 1265 960 valeat
1280 949 1294 966 ,
1311 934 1356 960 vt
1368 924 1407 959 in
1420 920 1500 960 vm'i
1523 933 1659 975 corpus
1675 926 1711 962 ὃ(
1724 936 1849 961 vnum

1018 975 1192 1022 animam
1208 974 1621 1028 coalescamus.quibus
1639 977 1768 1015 verbis
1781 990 1847 1016 to-

1013 1040 1100 1068 tum
1124 1028 1330 1070 hominem
1341 1029 1518 1088 designat
1538 1045 1547 1067 ι
1563 1029 1666 1083 quasi
1679 1031 1844 1078 diceret,

1018 1097 1090 1123 nos
1108 1096 1262 1136 penitus
1277 1097 1444 1138 corpore
1462 1089 1500 1125 δ(
1522 1089 1652 1124 anima
1671 1111 1685 1129 ,
1698 1099 1780 1126 non
1800 1100 1850 1126 ex

1017 1151 1130 1191 parte
1144 1139 1329 1180 duntaxat
1346 1168 1360 1186 ,
1375 1139 1518 1179 debere
1544 1138 1617 1179 effe
1633 1142 1780 1179 vnitos.
1797 1142 1850 1180 Et

1017 1193 1151 1233 valido
1163 1208 1395 1251 argumento
1411 1194 1490 1234 hoc
1502 1192 1710 1234 confirmat
1723 1221 1738 1240 ,
1759 1199 1849 1248 quia

1012 1249 1060 1288 jn
1076 1262 1194 1288 vnam
1222 1249 1487 1292 haereditatem
1514 1252 1552 1288 &
1576 1263 1696 1289 vnam
1721 1252 1848 1290 vitam

1012 1306 1153 1346 vocati
1175 1303 1288 1343 fimus
1305 1318 1456 1344 omnes.
1485 1302 1575 1343 inde
1599 1306 1701 1342 enirn
1717 1304 1846 1357 sequi-

1011 1368 1081 1403 tur
1097 1384 1112 1403 2
1141 1361 1259 1410 potiri
1285 1373 1355 1398 nos
1367 1361 1451 1398 vita
1479 1371 1620 1397 aeterna
1641 1358 1849 1400 aliter-non

1018 1410 1126 1463 posse
1140 1438 1156 1457 ,
1175 1413 1291 1465 quam
1306 1413 1335 1452 fi
1347 1416 1450 1453 inter
1466 1427 1538 1453 nos
1555 1414 1729 1452 viuamus
1746 1427 1850 1452 vna-

1019 1468 1143 1505 nimes
1168 1469 1209 1506 in
1225 1468 1303 1507 hoc
1319 1466 1479 1509 mundo.
1511 1469 1617 1507 Nam
1631 1467 1719 1507 ideo
1736 1467 1849 1507 simul

1020 1534 1158 1569 omnes
1176 1523 1285 1562 Deus
1311 1537 1388 1561 vna
1401 1535 1500 1567 voce
1526 1534 1663 1562 inuitat
1680 1550 1694 1568 ,
1713 1534 1758 1561 vt
1773 1536 1848 1561 eo.-

1017 1575 1106 1615 dem
1117 1576 1208 1616 fidei
1226 1576 1409 1616 consensu
1430 1581 1531 1617 inter
1546 1582 1584 1614 ie
1598 1578 1699 1616 vniti
1716 1604 1732 1623 ,
1758 1590 1848 1614 mu-

1018 1629 1088 1674 tu&
1104 1631 1170 1671 alii
1184 1632 1423 1671 aliosiuuare
1439 1630 1623 1671 studeant.
1655 1632 1693 1669 O
1713 1631 1740 1669 fi
1759 1632 1850 1669 ani-

1018 1688 1092 1724 mis
1121 1685 1259 1725 nostris
1293 1686 1478 1726 *insideret
1511 1685 1600 1724 haec
1624 1688 1817 1742 cogitatio
1832 1713 1849 1732 ,

1017 1738 1120 1779 hanc
1132 1743 1282 1797 Legem
1297 1740 1412 1780 nobis
1428 1741 1500 1781 effe
1513 1740 1753 1793 propolitam
1768 1768 1783 1787 ‚
1801 1753 1849 1781 vt

1017 1808 1099 1833 non
1115 1800 1237 1851 magis
1251 1796 1434 1836 dissidere
1454 1799 1553 1835 inter
1570 1796 1606 1833 se
1632 1795 1778 1847 possint
1794 1795 1848 1835 fl·-

1016 1850 1178 1896 liiDei‚
1206 1851 1319 1903 quarn
1337 1864 1503 1907 regnum
1521 1852 1698 1890 caelorum
1713 1850 1847 1893 diuidi}

1020 1917 1166 1955 quanto
1179 1907 1218 1943 in
1232 1904 1399 1953 colenda
1412 1904 1585 1955 fraterna
1600 1905 1844 1944 beneuolen-

1023 1962 1080 1997 tia
1093 1958 1249 1999 essemus
1265 1958 1475 2000 cautiores?
1485 1973 1629 2013 quanto
1644 1958 1757 1998 nobis
1770 1958 1848 1999 hor

1017 2015 1096 2060 rori
1107 2012 1227 2052 essent
1241 2028 1377 2055 omnes
1389 2014 1599 2058 simultates
1616 2042 1629 2059 ‚
1645 2013 1672 2052 fi
1686 2026 1849 2066 reputa*

1015 2079 1162 2112 remus,
1174 2082 1219 2108 vt
1229 2068 1341 2110 decet
1353 2097 1367 2115 ,
1385 2083 1450 2108 eos
1465 2084 1601 2109 omnes
1620 2067 1657 2107 se
1668 2069 1843 2108 alienare

1014 2122 1035 2161 a
1052 2136 1176 2178 regno
1199 2123 1282 2162 Dei
1309 2126 1372 2172 qui
1390 2123 1409 2162 zi
1440 2122 1625 2163 fratribus
1646 2122 1682 2161 se
1699 2122 1845 2162 difiun-

1015 2174 1136 2233 gunt?
1160 2179 1231 2217 Sed
1261 2177 1389 2218 nescio
1406 2177 1470 2231 qui
1494 2177 1540 2218 fit
1557 2190 1601 2223 vt
1630 2176 1755 2216 secure
1774 2193 1848 2218 nos

1015 2230 1090 2271 esse
1101 2230 1203 2271 filios
1218 2233 1298 2272 Dei
1310 2233 1525 2289 gloriemur
1544 2259 1560 2278 ‚
1591 2245 1726 2272 mutuae
1746 2233 1851 2273 inter

1013 2301 1086 2327 nos
1098 2283 1354 2328 fraternitatis
1365 2285 1699 2328 oblitiDiscamus
1712 2288 1844 2339 itaque

1016 2355 1061 2380 ex
1075 2342 1198 2382 Paulo
1214 2370 1229 2387 ‚
1249 2341 1423 2381 eiusdem·
1435 2341 1674 2382 haereditatis
1687 2343 1848 2380 minime

1013 2395 1088 2438 esse
1099 2409 1262 2449 capaces
1275 2425 1290 2443 ,
1305 2396 1376 2436 nisi
1395 2400 1460 2452 qui
1471 2411 1592 2439 vnum
1607 2408 1746 2449 corpus
1762 2395 1849 2438 sunt

1014 2454 1054 2491 ὃ(
1066 2465 1164 2491 vnus
1181 2451 1347 2504 spiritus-

1068 2519 1086 2556 5
1142 2509 1255 2544 Vnu‘s
1269 2505 1555 2552 Dominus,vna
1566 2504 1678 2553 fides.
1704 2508 1849 2547 Priore

1010 2559 1061 2600 ad
1077 2561 1315 2601 Corinthios
1334 2565 1460 2613 capite
1474 2560 1706 2602 duodecimo
1721 2577 1757 2613 5,
1775 2561 1847 2605 sim

1010 2615 1166 2666 pliciter
1185 2615 1261 2656 hac
1280 2630 1381 2655 voce
1410 2616 1606 2664 Domini,
1635 2619 1848 2668 imperium

1010 2670 1090 2709 Dei
1104 2668 1300 2710 notatzhic
1314 2670 1431 2716 vero,
1450 2673 1537 2723 quia
1554 2671 1674 2724 paulo
1692 2669 1782 2723 post
1795 2669 1847 2711 de

1010 2723 1129 2778 Patre
1162 2727 1394 2765 nominatim
1426 2725 1610 2779 loquetur
1636 2753 1652 2772 ‚
1682 2729 1842 2778 proprie

1010 2777 1211 2820 Christum
1238 2779 1426 2837 intelligit
1445 2808 1459 2826 ‚
1475 2783 1540 2835 qui
1571 2779 1773 2821 ordinatus
1791 2777 1846 2821 est

1007 2832 1121 2873 nobis
1144 2833 1166 2872 a
1182 2834 1298 2873 Patre
1325 2835 1537 2874 Dominus.
1555 2850 1635 2874 non
1647 2834 1843 2887 possumus

1005 2900 1133 2927 autem
1161 2888 1265 2928 illius
1279 2887 1460 2928 dominio
1474 2888 1634 2936 subesse,
1649 2889 1723 2928 nisi
1739 2901 1842 2935 vna-

1006 2945 1147 2982 nimes.
1175 2944 1350 2998 Qoties
1378 2942 1446 2984 hic
1474 2944 1573 2998 legis
1599 2942 1840 2984 vocabulum

1004 2998 1115 3037 Vnus
1133 3025 1148 3043 ‚
1186 2997 1367 3051 intellige
1396 2997 1619 3051 emphatice
1658 2998 1841 3051 pofitum.

1003 3051 1082 3110 acsi
1100 3051 1249 3096 diceret
1261 3079 1288 3109 ,ῃ
1304 3054 1404 3099 Non
1429 3051 1697 3108 potestdiuidi
1714 3051 1843 3148 (ῖίίὶιηζ-ν

1771 3117 1836 3156 us,
