1980 3338
119 89 350 147 *fictumque
356 90 505 132 ‘animas
517 86 612 130 vere
629 86 766 143 pascit.
791 91 901 148 Ergo
913 89 990 130 hac

145 160 229 192 vna
239 156 548 196 voce,tanquam
563 141 716 184 solenni
732 143 860 185 edicto
876 172 891 191 ‚
904 143 993 197 spe·

142 204 363 243 culationes
374 211 517 240 omnes
534 210 617 252 quae
630 197 882 239 ostentationi
909 198 992 239 ser-

143 259 259 297 uiunt
269 256 396 312 magis
422 251 538 308 quim
555 253 745 306 pietatem
765 255 896 293 iuuent
908 280 924 299 ‚
938 250 991 294 ab

145 309 318 351 Ecclesia
343 310 579 350 exterminat
594 334 608 353 ‚
623 305 730 346 sicuti
756 308 799 346 in
821 319 991 361 vtraque

142 364 196 404 ad
213 362 473 404 Timotheum
486 360 709 402 fecit.8anae
724 361 826 403 vero
842 361 991 403 doetri-

144 430 205 457 nae
217 417 312 459 duas
334 415 430 457 facit
447 428 575 469 partes
592 430 602 454 z
620 416 783 455 alteram
817 429 893 471 qua
909 417 990 457 Dei

146 475 277 528 gratia
292 474 336 512 in
360 469 522 512 Christo
540 469 840 511 commendetur
855 500 870 519 ,
885 471 992 512 vnde

148 528 317 566 sciamus
331 524 494 566 vbinam
508 524 710 578 quaerenda
724 524 770 564 fit
781 524 892 566 salus:
910 528 990 566 alte

146 594 236 622 ram
251 594 326 633 qua
338 578 531 620 formetur
545 581 627 620 vita
638 579 689 620 ad
703 581 893 621 timorem
908 582 990 621 Dei

149 637 191 678 ὃ(
205 633 667 678 innocentiam-Tametfi
679 646 809 675 autem
826 640 934 689 prior
959 636 989 676 il

149 689 190 728 la
201 702 283 743 quae
297 688 417 729 fidem
432 688 753 746 continet,longe
766 691 988 738 antecellit,

142 742 315 796 ideoque
337 741 462 783 studio
489 746 639 783 maiore
659 745 891 787 inculcanda
920 746 988 785 est:

147 798 290 840 Paulus
302 810 435 837 tamen
449 811 564 850 quum
577 798 626 840 ad
641 799 774 839 Titum
786 800 988 848 scriberet,

150 854 192 892 in
222 851 410 893 seruando
425 852 577 904 „ordine
599 853 771 894 solicitus
789 871 872 897 non
898 855 987 897 fuit.

151 905 218 948 Est
231 910 337 947 enim
357 907 416 948 illi
431 921 517 947 cum
536 912 664 960 perito
678 908 845 951 homine
860 924 988 969 nego-

145 965 323 1003 tiumzcui
341 963 522 1002 iniuriam
540 961 690 1004 faceret
707 963 735 1004 fi
762 967 820 1005 illi
835 966 988 1024 singula

144 1016 378 1063 distaret,vt
393 1020 553 1057 nouitiis
570 1032 638 1059 aut
670 1020 874 1071 tyronibus
900 1024 987 1063 fieri

146 1071 260 1112 solet.
275 1073 409 1112 Docet
432 1071 591 1124 quidem
620 1072 686 1113 sub
704 1076 788 1114 Titi
822 1077 988 1129 persona

149 1138 279 1168 totam
295 1126 526 1167 Cretensem
539 1128 751 1168 Ecclesiam
773 1145 783 1168 ι
799 1130 987 1171 decorum

144 1194 283 1222 tamen
301 1181 442 1227 seruat,
461 1195 512 1221 ne
523 1181 708 1223 diffidere
722 1188 799 1224 eius
813 1186 986 1237 pruden-

144 1239 211 1277 tiae
227 1235 620 1279 videatur.Praeterea
633 1242 674 1277 in
690 1238 918 1282 exhortatio
926 1247 988 1282 ni—

147 1289 221 1330 bus
240 1289 330 1331 ideo
349 1288 402 1330 est
418 1291 582 1348 longior
599 1320 614 1339 ,
629 1295 716 1345 quia
731 1298 921 1347 praecipue
937 1295 988 1337 ad

148 1344 284 1386 san3ae
303 1348 341 1386 &
354 1344 522 1385 honestae
536 1351 626 1388 vitae
639 1346 803 1387 studium
820 1364 987 1391 reuocan

148 1400 191 1441 di
208 1413 321 1440 erant
353 1401 417 1452 qui
447 1400 579 1440 otiofis
596 1401 748 1443 tantum
768 1406 987 1456 quaestioni-

146 1455 219 1496 bus
234 1466 345 1495 erant
357 1457 513 1496 intenti.
540 1456 659 1498 Nihil
687 1459 791 1498 enim
806 1458 858 1499 est
880 1460 988 1514 quod

148 1523 293 1566 vagam
326 1508 531 1550 hominum
559 1511 823 1552 curiositatem
850 1516 987 1555 melius

148 1563 375 1616 compescat
388 1592 401 1609 ‚
416 1564 528 1617 quiim
542 1563 633 1606 dum
647 1567 836 1621 agnoscit
846 1572 887 1609 'in
899 1573 986 1625 qui-

150 1616 220 1659 bus
235 1618 273 1658 se
287 1616 431 1658 officiis
449 1632 628 1660 exercere
643 1620 825 1664 debeant.

205 1689 227 1714 2
281 1679 389 1713 Senes
408 1682 454 1710 vt
470 1671 592 1724 sobrii
608 1672 699 1723 fint.
744 1677 811 1718 Ab
841 1673 986 1718 officiis

151 1727 447 1782 particularibus
458 1727 697 1784 incipitque>
714 1735 839 1787 magis
856 1745 986 1784 popu-

149 1784 242 1824 laris
259 1784 304 1823 sit
319 1782 503 1823 sermodd
515 1797 643 1824 autem
657 1783 751 1825 facit
764 1802 845 1827 non
860 1785 984 1826 modo

145 1852 195 1879 vt
214 1838 251 1878 se
264 1851 499 1890 attemperet
512 1838 561 1878 ad
576 1853 708 1879 eorum
722 1855 878 1894 captum
894 1868 907 1888 ,
921 1840 986 1883 sed

147 1907 195 1934 vt
210 1895 335 1950 magis
348 1906 652 1948 vnumquenque
663 1907 829 1947 premat.
849 1896 985 1936 Gene-

146 1949 239 1989 ralis
255 1949 359 1988 enim
386 1945 565 1987 do&rina
593 1952 719 1989 minus
746 1949 885 1991 afficit.
916 1951 986 1993 vbi

151 2016 280 2043 autem
297 2004 426 2055 paucis
439 2004 627 2056 exemplis
643 2006 986 2062 propofitis,fingu

147 2058 208 2099 los
220 2059 441 2098 vocationis
458 2057 526 2096 suae
538 2058 742 2100 admonuit
756 2089 770 2108 ‚
791 2075 912 2102 nemo
931 2060 984 2102 est

149 2115 217 2152 cui
235 2127 315 2152 non
328 2125 554 2166 promptum
570 2113 616 2154 lit
633 2115 821 2171 colligere
836 2144 850 2163 ‚
879 2116 949 2156 fibi
964 2117 984 2157 ὲ

148 2166 333 2208 Domino
355 2165 442 2206 satis
468 2166 644 2209 mandari
672 2174 828 2226 negotii
844 2173 885 2211 in
905 2185 981 2225 quo

150 2222 191 2262 se
208 2234 395 2262 exerceat.
436 2223 609 2264 Proinde
633 2239 712 2265 non
732 2224 784 2265 est
799 2224 903 2280 quod
919 2225 985 2267 hic

147 2276 381 2317 methodum
398 2280 634 2330 requiramus
649 2295 658 2318 ε
673 2283 762 2333 quia
780 2281 984 2322 confilium

150 2332 263 2373 Pauli
287 2330 470 2371 duntaxat
487 2331 560 2373 fuit
578 2362 592 2380 ‚
610 2334 780 2376 breuiter
809 2337 986 2379 indicare

151 2385 287 2440 quibus
310 2385 358 2425 de
375 2387 484 2426 rebus
511 2388 617 2441 loqui
634 2389 802 2431 debeant
827 2395 884 2445 pii
906 2392 982 2434 do-

151 2444 376 2487 &oresmon
389 2455 514 2481 autem
535 2444 689 2495 plenam
708 2460 839 2486 earum
854 2462 982 2489 rerum

150 2499 422 2537 trafftationem
440 2495 780 2550 susciperesenum
800 2507 984 2545 meminit

153 2555 283 2605 primo
301 2551 404 2590 loco.
425 2566 490 2590 eos
505 2553 590 2593 vult
616 2554 689 2595 esse
699 2556 847 2597 sobrios
868 2563 982 2613 :quia

152 2610 294 2648 vitium
312 2604 491 2645 senectuti
507 2605 559 2646 est
574 2611 688 2649 nimis
705 2610 900 2653 familiare
915 2614 979 2655 bi·-

150 2660 559 2704 bacitasfiiausstatcm
578 2678 690 2717 quam
711 2666 980 2714 subiicit,con-

150 2717 289 2760 ciliant
303 2728 429 2754 mores
443 2715 542 2755 bene
556 2721 779 2773 compositi.
805 2724 925 2764 Nihil
937 2740 979 2765 e·-

151 2774 235 2816 nim
252 2768 389 2809 foedius
403 2770 514 2822 qudam
530 2772 640 2814 senex
657 2777 876 2817 iuueniliter
890 2779 979 2821 lasci

151 2827 321 2872 niens,&
333 2827 396 2876 qui
409 2825 469 2864 sua
483 2827 741 2871 incontine'tia
756 2833 981 2875 adulescen-

151 2892 234 2923 tum
250 2878 778 2942 impudentiam‘augetAErgo
797 2890 834 2927 in
848 2887 981 2929 senum

150 2940 236 2981 vita
247 2934 414 2975 reluceat
434 2949 596 2982 σεμνοτυο
615 2968 621 2982 ‚
650 2940 730 2980 hoc
745 2939 798 2979 est
810 2941 982 2998 dignitas

149 2991 326 3044 quaedam
338 3001 418 3040 quae
445 2990 703 3034 adulescentes
719 2996 767 3035 ad
794 3010 984 3039 verecun-

148 3045 255 3090 diam
268 3056 403 3101 cogat.
429 3043 473 3084 Id
486 3047 729 3098 potissimum
741 3051 982 3106 consequen-

722 0 806 67 {N
860 18 1085 67 nptsr.
1138 23 1373 69 imvm

1054 99 1115 128 tut
1129 93 1393 142 temperantia
1408 100 1526 145 quam
1542 101 1637 131 mox
1648 88 1894 146 stibijcitsaev'

1048 143 1091 179 πὶ
1094 139 1188 188 fide.
1224 144 1371 186 Nescio
1383 158 1433 184 an
1446 144 1608 200 obliqua
1630 147 1678 188 fit
1687 149 1824 191 auufio
1835 151 1890 192 ad
1923 193 1931 202 ..

1047 200 1184 238 varios
1196 197 1328 238 senum
1342 198 1507 240 morbos
1525 227 1541 246 ,
1559 200 1696 255 quibus
1708 214 1890 257 opponat
1918 209 1923 211 ⁷

1047 248 1155 292 hanc
1178 255 1318 293 animae
1342 254 1573 295 sanitatem:
1593 255 1694 297 mihi
1711 259 1890 301 certe-ita

1046 304 1376 353 videtur,tametfi
1393 308 1495 350 nihil
1508 307 1889 354 affirmo-Summam

1045 360 1134 400 aute
1149 359 1380 404 Chn'stianae
1405 361 1661 417 perfectionis
1688 365 1749 406 his
1762 367 1890 409 tribus

1046 414 1221 468 partibus
1235 418 1557 471 comprehendit,
1571 433 1653 460 non
1669 418 1750 461 fine
1760 420 1885 463 causa.

1045 468 1144 510 Fide
1160 474 1266 512 enim
1285 473 1417 514 Deum
1432 474 1596 514 colimus
1620 489 1630 512 z
1649 477 1738 529 quia
1761 490 1889 531 neque

1045 525 1246 567 inuocatio
1263 554 1278 574 ‚
1294 542 1420 581 neque
1430 529 1507 568 alia
1525 531 1683 582 pietatis
1696 534 1883 573 exercitia

1044 578 1214 632 separari
1229 579 1280 620 ab
1293 596 1338 622 ea
1355 584 1523 636 possunt.
1557 582 1726 621 DileHzo
1741 598 1884 625 exten-

1044 633 1150 674 ditur
1163 633 1362 678 adomnia
1378 637 1549 679 secundae
1577 638 1715 678 tabulae
1740 651 1888 692 praece-

1045 701 1128 742 pta.
1148 692 1326 743 Sequitur
1345 693 1551 745 patientia,
1565 694 1673 747 quast
1685 696 1884 749 vti-iusque

1044 743 1354 801 condimentum.
1384 749 1491 788 Nam
1506 763 1578 788 nec
1600 748 1743 802 absque
1755 764 1800 790 ea
1820 750 1888 791 diu

1045 797 1160 839 staret
1173 798 1284 840 fides:
1303 804 1341 842 ὃ(
1357 802 1533 854 quotidie
1548 805 1671 843 multa
1684 805 1894 852 accidunt,

1045 866 1209 907 quorum
1225 856 1290 896 vel
1306 855 1549 913 indignitate
1561 885 1576 903 ‚
1589 858 1885 901 velacerbstate

1044 908 1181 949 offensi
1193 910 1244 951 ad
1256 909 1462 952 charitatis
1476 911 1611 952 officia
1625 928 1708 953 non
1725 915 1886 970 langui·

1043 963 1084 1004 di
1097 964 1306 1012 mod<¹2‚sed
1325 970 1521 1006 exanimes
1538 966 1717 1015 essemus,
1733 973 1805 1010 nili
1816 975 1886 1010 ea·—

1044 1018 1133 1061 dem
1147 1023 1340 1073 patientia
1354 1035 1425 1060 nos
1438 1019 1648 1062 sustineret.

1102 1090 1118 1127 3
1175 1079 1296 1114 Anus
1316 1073 1508 1123 fimiliter.
1537 1077 1742 1117 Matronas
1770 1089 1885 1118 aetate

1042 1131 1246 1179 prouestas
1269 1144 1314 1171 vt
1340 1132 1549 1184 plurimum
1574 1131 1711 1173 videre
1740 1129 1794 1169 est
1818 1145 1887 1175 aut

1043 1182 1179 1222 lasciue
1194 1185 1321 1226 adhuc
1335 1187 1372 1225 se
1383 1187 1514 1226 colere
1530 1214 1545 1233 ,
1562 1199 1627 1226 aut
1639 1186 1787 1240 aliquid
1807 1186 1885 1227 ha·
1944 1193 1955 1194 ‘

1043 1235 1136 1277 bere
1148 1242 1189 1278 in
1204 1240 1342 1282 vestitu
1353 1239 1666 1293 superstitiosum:
1680 1241 1774 1281 raro
1790 1255 1878 1282 me-

1043 1292 1150 1333 dium
1176 1306 1328 1334 tenent.
1364 1297 1535 1347 Vtrique
1558 1298 1658 1336 vitio
1676 1310 1882 1337 occurrere

1044 1348 1184 1387 Paulus
1199 1351 1327 1390 voluit
1342 1377 1357 1394 ,
1376 1350 1538 1390 modum
1553 1349 1803 1403 praescribens
1816 1353 1884 1405 qui

1044 1404 1080 1442 δι
1095 1402 1239 1443 decoro
1261 1407 1298 1445 ὃς
1314 1404 1498 1461 religioni
1530 1418 1722 1461 congruat
1738 1422 1746 1444 ε
1767 1419 1831 1446 aut
1850 1405 1881 1445 fi

1043 1459 1163 1497 mauis
1176 1458 1403 1512 simplicius,
1419 1472 1462 1499 vt
1476 1458 1559 1512 ipso
1577 1473 1730 1512 quoque
1743 1459 1883 1501 habitu

1041 1511 1186 1552 santi-as
1201 1517 1241 1554 ὃ(
1258 1518 1339 1566 pias
1357 1513 1395 1552 se
1407 1513 1480 1554 esse
1495 1511 1693 1553 testentur.
1726 1514 1818 1555 Alia
1836 1529 1884 1553 e-

1042 1569 1096 1606 tii
1107 1567 1185 1606 duo
1212 1571 1308 1608 vitia
1322 1567 1458 1619 quibus
1475 1565 1555 1607 fere
1570 1567 1750 1608 obnoxiae
1777 1569 1881 1616 sunt,

1041 1621 1317 1677 corrigit,dum
1334 1621 1637 1661 calumniatrices
1657 1637 1701 1663 ac
1721 1623 1881 1664 vinosas

1041 1674 1115 1715 effe
1126 1689 1248 1715 vetat.
1276 1679 1528 1730 Loquacitas,
1545 1676 1705 1718 morbus
1722 1676 1774 1718 est
1789 1692 1879 1718 mu-

1039 1728 1172 1769 liebris
1190 1744 1299 1770 :eum
1315 1732 1483 1772 senectus
1496 1745 1639 1789 augere
1653 1731 1761 1772 solet.
1788 1734 1881 1773 Huc

1040 1784 1190 1824 accedit
1203 1785 1309 1838 quod
1324 1785 1393 1825 fibi
1406 1800 1602 1840 nunquam
1620 1787 1705 1827 satis
1723 1786 1874 1828 disertae

1040 1839 1223 1880 videntur
1241 1841 1422 1880 mulieres
1437 1868 1451 1887 ,
1482 1840 1552 1881 nifi
1580 1841 1733 1882 dicaces
1748 1842 1822 1882 fint
1834 1856 1881 1883 ac

1042 1894 1240 1934 maledicae
1256 1923 1272 1942 ,
1291 1895 1360 1935 nili
1377 1894 1427 1934 de
1457 1895 1884 1938 omnibusdetrahant.

1041 1951 1093 1992 ita
1108 1948 1153 1989 fit
1167 1962 1212 1991 vt
1229 1949 1367 1990 vetulae
1382 1949 1645 2003 saepenumero
1657 1952 1879 1992 calumnio-

1041 2003 1079 2044 sa
1093 2003 1154 2043 sua
1164 2004 1518 2061 garrulitate‚quafi
1532 2004 1619 2045 face
1631 2006 1881 2053 ardeti,mul-

1041 2071 1098 2099 tas
1111 2057 1253 2100 domos
1264 2060 1525 2100 inflamment.
1536 2060 1669 2101 Multae
1683 2065 1800 2101 etiam
1816 2061 1881 2102 bi-

1041 2114 1136 2154 bulae
1155 2112 1336 2168 sunttquo
1351 2113 1397 2154 fit
1413 2128 1459 2155 vt
1477 2113 1669 2157 modestiae
1687 2118 1724 2156 ὅ(
1741 2117 1878 2173 graui-

1039 2172 1128 2209 tatis
1142 2168 1517 2216 oblitae,indecenter
1534 2171 1765 2224 proteruizit.
1785 2173 1878 2211 Cae-

1039 2223 1165 2264 terum
1193 2225 1274 2277 quo
1291 2227 1417 2282 magis
1440 2237 1596 2265 attentae
1622 2224 1695 2279 sint
1710 2225 1760 2266 ad
1775 2223 1874 2265 offi-

1039 2277 1378 2326 cium‚docet,non
1392 2279 1481 2322 satis
1499 2279 1572 2320 esse
1585 2279 1611 2318 fi
1627 2278 1786 2320 honeste
1801 2279 1872 2321 fibi

1039 2338 1177 2376 viuant
1198 2363 1213 2381 ,
1228 2335 1299 2374 nisi
1318 2338 1436 2375 etiam
1453 2333 1750 2384 adulescentulas
1766 2334 1881 2374 insti-

1039 2394 1131 2430 tutis
1144 2389 1214 2428 suis
1239 2390 1416 2430 forment
1437 2391 1487 2431 ad
1516 2387 1717 2432 honestam
1731 2405 1775 2431 ac
1791 2402 1870 2442 pu-

1038 2445 1167 2486 dicam
1180 2445 1419 2485 vitadeeo
1434 2445 1543 2486 addit
1560 2473 1574 2492 ‚
1593 2457 1637 2484 vt
1655 2443 1721 2484 suo
1735 2457 1875 2485 exem-

1038 2502 1107 2555 plo
1122 2504 1289 2542 iuniores
1303 2500 1438 2541 reddit
1453 2513 1715 2553 temperantes
1730 2504 1766 2541 ὃ(
1778 2512 1876 2556 gra·

1040 2572 1103 2596 ues
1122 2572 1131 2594 ι
1150 2568 1230 2608 quae
1245 2555 1390 2596 scilicet
1404 2556 1551 2608 alioqui
1573 2556 1695 2595 aetatis
1710 2552 1872 2595 feruore

1038 2611 1227 2652 exultant.

1093 2683 1120 2717 4
1176 2667 1324 2704 ,Ament
1339 2663 1609 2706 maritosNon
1624 2664 1806 2706 assentior
1823 2665 1872 2704 iis

1037 2726 1103 2775 qui
1118 2731 1310 2775 praecepta
1327 2719 1518 2760 recenseri
1546 2734 1685 2774 putant
1702 2733 1782 2773 quae
1795 2732 1879 2759 tra-

1036 2779 1129 2818 dere
1156 2774 1327 2816 debeant
1355 2787 1543 2815 matronae
1559 2773 1872 2816 adulescentulis:

1038 2847 1128 2873 nam
1145 2831 1257 2884 siquis
1270 2842 1498 2869 contextum
1513 2830 1724 2886 diligenter
1741 2841 1868 2881 expen

1037 2888 1119 2934 dat,
1135 2884 1247 2926 faede
1260 2884 1545 2925 animaduertet
1560 2886 1722 2926 Paulum
1740 2881 1877 2923 officia

1038 2944 1245 2984 mulierum
1261 2937 1462 2991 persequi,
1477 2953 1557 2993 quae
1569 2938 1783 2981 senioribus
1799 2935 1877 2977 etii

1039 2998 1289 3038 conueniunt.
1317 2993 1477 3034 Deinde
1491 2993 1725 3034 constructio
1740 2995 1875 3043 inepta

1040 3052 1149 3101 esset,
1181 3049 1590 3104 σφφρνῖζωῐῑβῶφρνοτ
1607 3050 1704 3092 'efran
1729 3047 1875 3099 Qan·

1760 3111 1880 3154 quam
