1980 3338
0 0 82 27 LYW'
87 0 91 1 ⁷
143 0 148 3 ”
202 0 205 2 ’

114 16 208 101 14⁸

673 30 752 75 IN
805 29 1020 73 EPIST.
1078 27 1299 73 PAVLI

155 127 217 163 12
277 107 355 163 Et
363 95 523 187 paler
533 108 572 162 C
575 101 924 174 ircunczlsiomis
936 143 952 166 ,
970 119 1064 156 non
1076 103 1143 156 iis
1155 97 1392 178 quistzrot,
1405 118 1470 154 ex
1481 98 1526 153 C
1527 75 1818 177 ircunczjst’oss

55 241 60 244 .
91 184 159 246 m
171 182 390 250 tantum,
397 182 490 260 fid
501 187 590 260 qui
599 183 861 259 infiffunc,
873 181 1114 264 vestigiis
1121 181 1271 257 fidei,
1284 200 1387 260 quoq
1393 178 1506 256 fhit
1517 184 1567 238 in
1569 187 1822 266 praeputio

83 272 261 349 patris
274 264 422 336 nostri
440 267 502 322 A
507 263 693 328 brahae,

151 387 186 412 ιι
242 376 290 410 Et
309 369 456 425 signum
473 372 628 422 acecpit.
682 369 759 410 Per
783 371 929 414 antici-

96 430 299 480 pationem
316 426 499 472 ostendit,
515 440 597 465 non
610 431 743 464 ta'men
756 421 868 465 fuiffe
879 439 930 466 va

100 490 192 521 nam
229 481 537 535 superfluaimque
576 478 928 527 Circuncifionem‚

102 536 256 577 tametsi
268 551 347 576 non
360 533 593 576 iustificaret:
613 533 929 587 quandoquidem

100 591 220 636 alium
245 590 408 630 haberet
420 588 538 629 valde
559 588 787 640 praeclarum
801 588 928 636 Vsum,

101 658 245 697 vtpote
257 647 361 684 cuius
387 642 564 686 officium
578 656 661 683 erat
684 641 867 684 iustitiam
880 643 930 684 fi-

101 699 165 740 dei
188 698 398 756 obsignare
409 728 423 747 ,
440 714 485 739 ac
499 699 623 738 veluti
637 711 762 738 ratam
785 696 928 739 facere.

37 761 43 763 “
101 754 234 807 Atque
248 757 407 794 interim
420 755 440 793 a
454 753 534 794 fine
546 753 632 805 ipso
644 753 826 799 insinuat,
848 769 930 794 non

99 807 177 848 esse
187 808 336 848 iustitiae
350 807 640 849 causam.T6dit
652 812 756 850 enim
769 807 819 848 ad
831 824 931 849 con-

99 860 334 904 firmandam
348 863 439 905 fidei
463 861 643 903 iustitiam
657 892 672 910 ‚
690 865 728 903 δ(
741 876 826 903 eam
844 866 932 918 qui-

99 916 192 957 dem
205 921 335 958 iamin
348 921 539 971 praeputio
553 931 825 971 comparatam
842 935 852 958 :
868 933 932 960 er-

100 985 158 1029 go
171 973 273 1013 nihil
296 974 354 1013 illi
370 973 541 1030 derogat
553 985 620 1012 aut
634 974 824 1013 detrahit.
850 973 931 1013 Hic

100 1028 226 1080 porro
253 1027 441 1068 habemus
465 1028 658 1085 insignem
694 1029 825 1068 locum
839 1057 855 1075 ,
882 1029 933 1070 de

100 1086 303 1122 communi
328 1083 659 1124 sacramentorum
680 1083 770 1122 vsu:
790 1083 873 1122 sunt
890 1098 932 1123 e—

99 1140 208 1185 nim(
214 1137 307 1178 teste
319 1139 463 1186 Paulo)
481 1137 606 1193 figilla
619 1166 631 1184 ,
645 1137 781 1231 quibus
799 1140 837 1178 ὃ(
851 1139 932 1179 Dei

100 1192 380 1246 promissiones
397 1192 576 1234 cordibus
591 1208 642 1232 no
677 1195 729 1232 ris
740 1191 933 1246 quodam-

104 1247 228 1288 modo
245 1250 518 1300 imprimuntur
532 1277 545 1296 ,
565 1250 602 1288 ὅ(
616 1247 781 1288 sancitur
796 1250 931 1303 gratiae

103 1301 382 1343 certitudoAc
394 1304 546 1343 tametfi
556 1316 626 1354 per
641 1301 678 1341 se
695 1302 795 1343 nihil
808 1302 929 1349 iuuit,

105 1357 214 1397 Deus
229 1369 361 1397 tamen
375 1363 441 1412 qui
454 1360 590 1416 gratiae
615 1357 685 1397 suae
699 1355 933 1397 instrumen-

103 1423 145 1452 ta
161 1411 234 1453 effe
244 1414 386 1460 voluit,
401 1427 542 1454 arcana
560 1415 722 1464 Spiritus
738 1411 789 1451 sui
803 1415 932 1467 gratia

103 1465 230 1507 efficit
243 1482 291 1507 ne
304 1466 482 1521 profectu
494 1481 650 1508 careant
663 1470 704 1506 in
720 1467 864 1507 electis.
881 1470 932 1507 Et

103 1525 266 1575 quamuis
287 1523 466 1577 reprobis
494 1523 647 1563 tantum
678 1535 840 1561 mortuae
858 1522 933 1563 fint

104 1591 151 1617 ac
173 1577 329 1630 inutiles
351 1578 485 1635 figurae
500 1609 513 1625 ,
531 1580 613 1618 vim
627 1590 760 1616 tamen
775 1576 877 1616 suam
893 1580 933 1618 ὅ(

102 1645 282 1672 naturam
295 1633 445 1686 semper
458 1636 630 1673 retinent
647 1648 656 1671 ε
671 1633 761 1684 quia
776 1631 844 1671 etfi
857 1647 932 1671 no-

103 1685 181 1726 stra
206 1688 454 1735 incredulitas
469 1686 606 1727 effec‘ffl
627 1685 742 1725 illorfi
762 1701 833 1724 nos
848 1689 932 1738 pri-

103 1754 169 1781 uat
182 1768 196 1786 ,
211 1756 291 1782 non
315 1756 448 1783 tamen
464 1743 545 1782 Dei
556 1743 764 1785 veritatem
780 1739 933 1780 labefa-

102 1798 183 1836 &at
195 1798 260 1838 vel
283 1801 488 1854 extinguit.
517 1799 654 1850 Qare
671 1808 827 1843 maneat
853 1794 932 1841 hoc

102 1850 225 1891 fixum
240 1880 256 1898 ,
275 1851 379 1893 sacra
402 1852 580 1905 symbola
602 1850 677 1891 effe
690 1848 930 1897 testimonia,

135 1904 244 1946 uibus
257 1909 386 1962 gratia‘
409 1908 433 1947 s
427 1922 510 1947 uam
527 1909 636 1949 Deus
659 1904 840 1945 cordibus
856 1920 931 1945 no-

101 1919 190 2000 }lris
209 1961 404 2019 obfignat.
430 1963 495 2003 De
511 1960 814 2004 Circuncifionis
828 1960 930 2013 sym—

101 2014 199 2055 bolo
223 2020 469 2069 pecuniariter
497 2016 596 2057 istud
617 2015 823 2056 dicendum
838 2043 852 2062 ,
867 2029 930 2054 re-

102 2070 375 2124 praesentatam
398 2073 479 2112 illic
494 2071 606 2113 fuisse
629 2070 823 2122 duplicem
835 2083 932 2126 gra-

102 2129 216 2166 tiam.
250 2127 455 2167 Pollicitus
477 2124 603 2167 fuerat
628 2127 746 2166 Deus·
761 2123 931 2164 Abrahae

103 2181 235 2220 semen
256 2180 500 2222 benedictum
515 2210 529 2228 ,
557 2197 602 2221 ex
627 2194 704 2233 quo
731 2178 827 2219 salus
854 2182 930 2225 toti

104 2234 253 2275 mundo
279 2236 465 2289 speranda
482 2250 579 2276 erat.
603 2237 711 2279 Hinc
734 2232 930 2286 pendebat

102 2291 174 2330 illa
190 2291 396 2343 promissio
412 2321 426 2339 ,
450 2291 554 2332 Gen.
568 2305 670 2341 17.7‚
698 2290 777 2329 Ero
793 2288 866 2328 tibi
876 2289 928 2329 ”in

104 2346 252 2386 Deum.
280 2346 462 2387 Gratuita
473 2349 593 2403 igitur
605 2345 876 2385 reconciliatio
889 2346 928 2386 in

103 2401 257 2446 Deo,in
271 2400 383 2457 figno
395 2401 466 2440 illo
480 2400 625 2440 inclusa
637 2397 777 2438 fuit.Et
789 2398 928 2438 analo-

106 2458 175 2511 gia
190 2454 497 2512 congruebat,vt
508 2458 547 2494 in
562 2452 787 2508 promissum
800 2452 930 2494 semen

103 2509 341 2561 respicerent
370 2509 519 2551 fideles.
538 2507 730 2566 Exigebat
758 2507 929 2547 vicissim

106 2565 217 2604 Deus
241 2567 508 2619 integritatem
531 2579 576 2605 ac
590 2563 843 2604 sanaimonii
866 2565 930 2604 vi-

103 2617 350 2671 taezsymbolo
363 2618 560 2659 indicabat
568 2617 769 2673 quomodo
782 2615 830 2656 ad
843 2631 929 2657 eam

105 2675 374 2732 perueniretur
393 2690 402 2714 :
422 2688 563 2727 nempe
576 2674 603 2713 fi
620 2676 660 2712 in
676 2673 839 2711 homine
852 2675 931 2712 cir—

102 2727 374 2769 cuncideretur
391 2728 576 2782 quicquid
600 2726 764 2768 nascitur
789 2727 829 2764 in
844 2740 930 2766 car-

104 2796 177 2828 ne,
190 2786 280 2835 quia
292 2794 378 2822 tota
389 2796 523 2823 natura
537 2781 677 2822 vitiosa
690 2778 756 2820 est.
775 2779 931 2821 Admo-

103 2836 225 2877 nebat
238 2851 336 2893 ergo
361 2835 591 2877 Abrahamfi
613 2849 774 2877 externo
800 2834 929 2890 figno,

106 2905 154 2934 Vt
175 2890 424 2945 spiritualiter
444 2895 569 2934 carnis
593 2890 662 2930 suae
679 2890 932 2940 corruptione

105 2945 405 2991 circuncideret,
418 2960 495 2994 quo
508 2948 626 2986 etiam
638 2943 766 2984 allufit
780 2944 929 2990 Moses,

105 2999 353 3042 Deut.10.16.
377 3001 471 3055 Qo
486 3014 614 3041 autem
639 2998 831 3039 indicaret
848 3013 929 3039 non

106 3055 184 3099 esse
197 3056 371 3098 hominis
381 3070 479 3110 opus
494 3083 509 3103 ,
521 3054 586 3097 sed
599 3055 680 3098 Dei
693 3070 702 3095 ε
717 3052 930 3100 circuncidi

981 363 1111 406 voluit
1122 377 1281 407 teneros
1292 362 1481 412 infantes,
1497 365 1562 420 qui
1578 376 1648 417 pet
1664 377 1819 409 aetatem

980 419 1155 461 nondum
1167 423 1303 474 exequi
1317 433 1504 473 poterant
1515 419 1558 460 id
1572 419 1820 469 mandatnm,

980 477 1090 519 Nam
1116 475 1361 529 spiritualem
1389 474 1724 519 Circuncifionem
1744 474 1821 518 ess'e

981 530 1136 570 Diuinoe
1150 533 1305 579 virtutis
1319 543 1417 583 opus
1434 559 1448 577 ,
1481 544 1560 569 non
1581 532 1699 570 tacuit
1711 530 1815 582 *Mo*
1853 548 1856 549 ⁷

984 583 1056 624 ses:
1076 583 1408 637 quemadmodum
1421 584 1543 626 habes
1558 585 1817 625 Deuterono-

980 641 1050 678 mii
1077 653 1138 692 30.
1158 643 1182 679 6
1198 658 1216 686 5
1236 640 1494 686 Circuncidet
1519 640 1720 679 Dominus
1745 653 1815 679 cor

980 694 1399 746 tuum,&c.Prophetae
1413 693 1577 748 idipsum
1592 694 1718 734 multo
1732 695 1816 734 cla-

979 751 1059 787 rius
1089 746 1223 801 postea
1235 749 1489 800 explicarunt.
1515 750 1612 789 Duae
1630 748 1817 804 denique,

980 803 1026 843 vt
1046 802 1235 856 Baptismi
1262 801 1385 843 hodie
1398 805 1483 844 sunt
1496 833 1512 851 ,
1539 807 1593 843 ita
1608 803 1703 843 olim
1722 806 1817 844 Cir-0

980 857 1213 898 cuncifionis
1226 871 1336 897 erant
1347 870 1586 910 partesznem
1591 871 1640 911 pe
1657 872 1737 898 tam
1750 862 1815 898 vi-

981 925 1028 952 tae
1045 912 1397 965 nouitatem,quam
1414 925 1661 966 peccatorum
1679 913 1817 953 remis-

980 966 1130 1008 fionem
1145 967 1492 1008 testari.Caeteriim
1508 967 1615 1020 qued
1629 971 1669 1008 in
1685 967 1818 1008 Abra-

982 1021 1041 1064 hae
1054 1021 1220 1074 persona
1236 1022 1490 1070 Circuncism,
1506 1019 1695 1074 ppsterior
1709 1021 1816 1063 iusti-

981 1079 1037 1116 tia
1051 1075 1153 1124 fuit,
1170 1087 1249 1118 non
1268 1077 1417 1130 semper
1430 1080 1470 1116 in
1491 1076 1739 1117 sacramentis
1751 1078 1817 1117 lo-²

982 1145 1069 1170 cum
1083 1131 1219 1172 habett
1233 1131 1327 1171 ficut
1340 1145 1503 1185 apparet
1514 1133 1555 1171 in
1568 1130 1671 1171 Isaac
1688 1136 1726 1172 ὃ(
1739 1145 1816 1184 po-

981 1183 1173 1227 sterssffed
1186 1188 1296 1232 Deus
1311 1186 1429 1226 semel
1447 1187 1563 1231 edere
1578 1185 1657 1225 tale
1667 1185 1718 1225 ab
1737 1190 1817 1226 inie—

982 1243 1039 1280 tio
1057 1241 1255 1294 specimen
1269 1241 1550 1296 voluit,nequis
1567 1242 1736 1280 externis
1748 1255 1817 1280 re=

983 1293 1052 1334 bus
1077 1295 1235 1337 salutem
1248 1294 1448 1353 affigeret.
1506 1302 1565 1333 Vt
1591 1293 1678 1346 effet
1689 1304 1816 1346 pater.

983 1351 1095 1390 Nota
1112 1350 1311 1405 quomodo
1327 1351 1496 1391 Abrahae
1512 1349 1752 1390 Circuncifio
1765 1349 1817 1389 fi-

983 1403 1072 1444 dem
1092 1404 1261 1446 nostram
1277 1405 1486 1445 confirmet
1499 1404 1548 1445 de
1565 1402 1703 1444 iustitia
1722 1418 1815 1460 gra-

984 1463 1080 1499 tuita
1096 1477 1104 1500 :
1121 1461 1174 1501 est
1186 1475 1290 1501 enim
1303 1459 1524 1517 obfignatio
1540 1457 1686 1499 iustitiae
1701 1458 1815 1506 fidei,

985 1528 1029 1554 vt
1046 1514 1160 1555 nobis
1176 1529 1328 1569 quoque
1342 1512 1559 1555 credetibus
1586 1512 1726 1552 iustitia
1738 1515 1816 1552 im-

984 1581 1158 1622 putetur.
1183 1571 1315 1624 Atque
1328 1572 1382 1609 ita
1395 1569 1578 1624 singulari
1589 1566 1759 1606 artificio
1774 1570 1815 1607 in

982 1623 1224 1665 aduersarios
1238 1636 1440 1677 retorquet
1452 1623 1593 1664 Paulus
1611 1650 1625 1668 ,
1642 1635 1722 1674 quae
1737 1635 1813 1673 po-

983 1680 1083 1719 terc'it
1093 1679 1143 1720 ab
1159 1679 1237 1720 illis
1252 1678 1499 1718 obiefitarissi
1510 1679 1610 1716 enirn
1626 1675 1710 1729 ipsa
1723 1679 1819 1716 Cir-v

984 1733 1212 1774 cuncifionis
1242 1737 1387 1774 veritas
1404 1747 1447 1773 ac
1464 1735 1523 1771 vis
1539 1728 1592 1770 est
1606 1733 1645 1770 in
1660 1737 1817 1783 p'raepir-

983 1791 1042 1828 tio
1066 1805 1075 1827 z
1092 1805 1170 1830 non
1186 1787 1239 1828 est
1266 1803 1330 1829 cur
1356 1800 1564 1840 tantopere
1589 1784 1627 1824 se
1644 1784 1816 1825 euehant

984 1842 1099 1883 Iudaei
1116 1845 1226 1897 {upra
1241 1844 1405 1883 Gentes.
1446 1840 1518 1880 Sed
1531 1848 1646 1893 quum
1659 1837 1816 1879 dubita-

984 1899 1042 1936 tio
1058 1900 1166 1939 inlici
1179 1897 1300 1955 possit
1314 1926 1328 1943 ‚
1346 1898 1410 1935 An
1428 1910 1507 1935 non
1520 1909 1616 1951 ergo
1631 1895 1815 1947 exemplo

985 1951 1173 2000 Abrahae,
1190 1969 1261 1995 nos
1275 1966 1428 2007 quoque
1443 1962 1626 2003 oporteat
1645 1951 1818 1989 Circun-

983 2006 1137 2046 cifionis
1161 2008 1234 2065 figi
1267 2025 1292 2050 o
1315 2006 1478 2049 eandem
1508 2002 1689 2043 iustitiam
1717 2018 1817 2043 con-

982 2060 1158 2102 firmare?
1185 2009 1576 2156 cuffiApostolus
1592 2060 1814 2111 praetermi-

983 2115 1050 2157 sit?
1075 2118 1235 2169 Nempe
1258 2126 1308 2169 qu
1370 2113 1533 2162 putabat
1558 2113 1644 2152 satis
1670 2126 1714 2151 ex
1742 2111 1816 2151 suis

986 2170 1119 2210 verbis
1141 2169 1387 2224 quaestionem
1408 2167 1596 2221 expediri.
1621 2170 1728 2206 Nam
1743 2166 1816 2207 vbi

980 2223 1141 2267 admiffa
1155 2225 1272 2266 fuerit
1287 2225 1368 2265 ha’c
1382 2223 1587 2268 sententia,
1606 2223 1641 2261 C
1648 2223 1815 2269 ircun‘ci-

982 2279 1131 2320 fionem
1156 2280 1289 2321 valere
1311 2279 1499 2322 duntaxat
1525 2277 1574 2316 ad
1597 2275 1813 2330 obsignan-

982 2333 1073 2374 dam
1090 2336 1259 2386 Domini
1273 2339 1441 2392 gratiam
1461 2349 1469 2371 ε
1498 2331 1663 2385 sequitur
1691 2329 1816 2384 hodie

983 2389 1097 2430 nobis
1115 2390 1190 2430 esse
1202 2390 1556 2444 superuacuam‚qui
1567 2385 1718 2442 signum
1734 2384 1810 2423 ha-

984 2444 1117 2484 bemus
1143 2447 1222 2484 eius
1247 2446 1337 2484 loco
1355 2445 1554 2485 Diuinitus
1581 2437 1814 2478 institutum.

984 2499 1090 2591 (Ἧὶει
1104 2513 1199 2555 ergo
1213 2498 1280 2539 vbi
1290 2497 1506 2551 Baptismus
1521 2494 1719 2539 eli-,nullus
1733 2495 1813 2535 iam

982 2569 1025 2594 re
1059 2567 1098 2593 at
1115 2553 1419 2601 Circuncifionis
1433 2551 1536 2595 vsus‚
1558 2548 1684 2589 noluit
1698 2547 1747 2587 de
1763 2562 1811 2588 eo

982 2606 1121 2647 frustra
1130 2607 1197 2649 dis
1190 2605 1472 2661 ceptare‚quod
1483 2616 1725 2656 nequaquam
1740 2601 1813 2641 du-

982 2662 1090 2703 bium
1104 2676 1271 2709 erat‚cur
1287 2662 1434 2701 scilicet
1451 2664 1492 2700 in
1507 2657 1701 2698 Gentibus
1716 2656 1809 2697 fidei

981 2717 1123 2759 iustitia
1134 2732 1215 2757 non
1227 2716 1502 2771 obfignetur‚fi
1514 2711 1813 2753 similitudinem

983 2771 1134 2813 habent
1159 2785 1246 2811 cum
1274 2771 1518 2811 Abrahamo.
1548 2768 1721 2809 Credere
1736 2778 1808 2819 pet

982 2830 1212 2880 praeputium
1228 2854 1242 2872 ‚
1260 2825 1313 2865 est
1327 2823 1558 2865 Gentes'sua
1586 2823 1687 2863 sorte
1711 2835 1845 2878 con-..2-

982 2896 1108 2923 tentas
1123 2896 1203 2921 non
1232 2883 1485 2933 interponere
1503 2874 1810 2919 Circuncifionis

982 2937 1171 2978 tesseram.
1198 2936 1329 2990 Atque
1343 2939 1396 2977 ita
1409 2932 1632 2990 praepofitio
1646 2934 1719 2969 «Paci
1734 2942 1811 2984 po—

982 2995 1087 3034 nitur
1101 2992 1190 3031 loco
1205 2993 1248 3032 ἓν.

1035 3062 1076 3098 ῃ
1131 3050 1220 3088 Non
1232 3047 1282 3084 iis
1297 3043 1363 3098 qui
1382 3041 1475 3095 fient
1492 3052 1540 3081 ex
1559 3031 1809 3085 circuncisio-2,

1751 3103 1812 3131 ne,

1629 0 1668 8 ···‘·
1722 0 1769 14 w
1904 4 1907 5 ⁷
