1980 3338
110 107 118 114 ⁸
136 127 233 173 aum
242 128 352 172 bene
359 127 567 186 quadraret
578 154 594 175 ‚
606 124 680 168 nifi
689 125 785 168 effer
795 128 969 183 aliquito

137 185 164 226 ὲ
174 184 308 228 verbis
316 187 524 228 remotior.
548 183 606 222 Eu
616 181 866 236 itaque-sequi
882 191 979 226 ma'-'

138 242 194 282 lui
204 242 271 294 'qui
283 242 409 283 minus
422 254 513 282 erat-
525 240 692 279 εοειᾶυς,
711 251 802 277 nam
821 238 970 281 Graecis

139 298 278 337 tritum
297 293 352 335 est
365 323 380 343 ,
397 293 820 393 Wffipmr&
834 293 969 336 subau.

137 346 432 405 dire-Loquitur
580 354 679 388 ’ἐιοη
692 331 742 390 de
756 362 970 407 argumen-

138 417 183 446 to
199 409 266 449 finae
311 404 572 448 raedicationis
585 431 600 450 ,
625 402 689 443 sed
705 402 755 443 de
776 409 899 445 animi
916 406 968 448 sui

136 473 268 517 propo
288 478 360 509 ito,
378 459 486 514 quod
497 460 630 499 Deum
644 460 773 514 pqtius
785 460 896 513 quim
914 461 968 522 ho

137 522 263 559 mines
271 517 467 570 respiciat.
481 527 700 568 quanquam
716 514 892 555 docentis
907 519 970 556 al*-

135 567 255 614 feaui
277 570 486 626 respondet
509 572 625 610 etiam
651 567 845 610 doctrina.
860 571 968 611 Nam

136 627 246 669 ficuti
271 642 316 669 ex
332 624 551 667 ambitione
566 653 580 670 ‚
599 627 761 664 auaritia
778 654 791 671 ‚
810 640 876 665 aut
890 627 969 667 alia

134 685 268 738 quauis
280 695 398 736 praua
415 680 628 733 cupiditate
643 678 808 720 nascitur
819 679 970 722 doctri-

95 739 422 789 ..thioz
434 738 492 789 ‘ita
507 737 609 774 refta
621 735 859 776 conscientia
872 735 968 777 facit

106 810 113 821 ·
133 805 183 834 vt
196 794 409 832 retineatur
428 804 523 843 pura
538 795 697 829 veritas.
726 789 820 830 Ideo
837 792 966 832 sanam

133 845 210 887 ess‘e
233 846 336 886 suam
359 846 578 887 doctrinam
604 845 839 892 contendit,
858 848 969 902 quod

130 915 214 941 non
232 902 278 941 fir
294 900 520 942 hominibus
532 899 846 941 accommodata.
893 900 975 940 Vel

133 969 258 1009 quaro
272 954 481 994 hominibus
493 954 594 1008 plac(
604 956 749 995 rc.Hoc
762 955 968 996 secundum

131 1027 215 1052 non
230 1013 394 1052 multum
407 1010 539 1051 differt
550 1014 570 1049 a
588 1013 721 1063 priore
738 1026 747 1047 z
762 1009 893 1051 differt
905 1024 968 1051 ta-

130 1081 224 1106 men
239 1066 399 1121 aliquid.
431 1081 521 1106 nam
549 1064 711 1104 studium
739 1065 968 1117 acquirendi

127 1119 278 1162 fauoris
294 1152 308 1169 ,
325 1121 435 1162 causa
461 1119 514 1161 est
526 1135 591 1160 cur
609 1118 815 1159 secundum
830 1118 967 1158 homi-

130 1191 201 1217 nes
217 1178 435 1231 loquamur.
447 1176 529 1216 Vbi
542 1175 628 1214 talis
638 1172 808 1234 ambitio
819 1176 860 1213 in
873 1187 965 1213 cor-

128 1231 243 1272 dibus
259 1231 395 1273 nostris
407 1243 550 1289 regnat
564 1256 582 1281 ἱ
600 1242 646 1269 vt
661 1240 860 1280 cupiamus
874 1243 965 1269 ora-

129 1280 546 1340 tionem³2e6inponere
564 1286 603 1322 in
632 1282 840 1322 hominum
869 1297 964 1340 gra-

126 1344 227 1381 tiam
241 1370 256 1390 ‚
270 1339 354 1381 fieri
370 1342 504 1394 nequit
521 1350 566 1378 vt
580 1337 724 1377 fineen}
736 1338 963 1379 doceamus.
981 1347 984 1350 ⁴

127 1398 238 1453 Ergo
252 1397 390 1436 Paulus
402 1395 453 1436 ab
473 1394 551 1434 hoc
565 1396 663 1433 vitio
678 1390 838 1432 testatur
852 1392 888 1433 se
906 1395 965 1435 es-

125 1450 167 1490 se
181 1464 319 1504 purum
334 1455 371 1492 &
383 1453 614 1490 immunem.
638 1451 771 1501 &gun
784 1447 821 1488 se
835 1452 964 1490 maio-

125 1519 170 1546 re
182 1505 322 1546 fiducia
335 1509 480 1546 eximat
494 1507 610 1544 etiam
626 1502 646 1541 a
660 1505 856 1544 calumnia
868 1532 882 1550 ,
899 1506 962 1544 in-

122 1563 370 1618 terrogatiue
383 1562 569 1615 loquitur.
596 1557 757 1599 Habent
780 1561 882 1599 enim
898 1562 962 1599 in-

124 1619 416 1673 terrogationes
460 1617 514 1655 lus
529 1614 716 1668 ponderis
728 1643 742 1661 ‚
757 1627 873 1668 quum
890 1615 962 1655 ad—

123 1670 302 1712 uersariis
319 1630 551 1725 potestatem
581 1669 743 1709 facimus
759 1669 962 1711 contradi-

123 1725 257 1773 cendi,
272 1726 393 1780 siquid
411 1727 596 1766 habeant.
628 1726 735 1764 Nam
754 1724 794 1765 id
806 1725 960 1782 fignum

125 1778 181 1820 est
196 1796 255 1821 ma
291 1797 345 1820 nae
371 1783 582 1821 securitatis
593 1810 607 1827 ‚
623 1794 736 1833 quam
753 1782 874 1821 Paulo
890 1780 961 1821 da-

124 1833 195 1875 bat
209 1795 469 1878 tesfimom'um
486 1836 600 1875 bonae
611 1835 850 1876 coscientiae:
870 1839 961 1890 quia

122 1889 335 1933 scilicetita
355 1892 390 1932 se
403 1891 579 1932 fanetum
599 1889 735 1931 officio
752 1891 815 1930 suo
835 1906 960 1931 noue-

122 1959 186 1986 rat
202 1975 216 1993 ‚
248 1961 292 1987 vt
307 1947 493 1987 eiusmodi
515 1946 665 1999 probro
680 1961 760 1986 non
775 1945 868 1986 esset
883 1945 958 1985 ob-

125 2004 263 2041 noxius
279 2033 288 2042 .
336 2004 376 2041 si
401 2004 497 2039 mim
522 1997 733 2038 hominibus
757 2002 957 2053 placerem.

121 2058 327 2098 Sententia
341 2056 957 2109 memorabilis:ambitiosos,hoc

123 2109 261 2162 est,qui
279 2126 470 2154 venantur
488 2112 694 2151 hominum
714 2112 859 2167 gratifi,
876 2127 956 2151 non

122 2166 233 2217 posse
259 2166 419 2209 Christo
453 2167 592 2206 ser'uirc
613 2197 620 2204 .
642 2167 709 2205 De
737 2167 797 2206 sua
824 2179 955 2205 tamen

124 2222 290 2271 persona
321 2223 564 2277 singulariter
593 2220 672 2259 hoc
698 2220 805 2261 sensu
828 2222 956 2274 loqui-—

121 2287 183 2313 tur
203 2305 217 2322 ‚
234 2274 338 2328 quod
354 2278 557 2315 hominum
572 2278 699 2330 gratia
713 2275 823 2328 sporo
837 2276 870 2316 sc
884 2274 955 2315 ab·

121 2328 375 2377 dicauerit‚vt
393 2331 428 2370 se
447 2330 608 2373 Christo
625 2330 774 2371 dicaret
788 2334 824 2369 in
841 2330 956 2371 obse-

119 2389 315 2436 quiumzac
329 2384 465 2425 statum
482 2386 635 2435 quidem
648 2389 737 2425 vitae
751 2387 955 2438 superioris

119 2453 208 2478 cum
224 2442 396 2493 praescnti
410 2441 579 2482 confert.
615 2445 755 2481 Fuerat
773 2445 812 2480 in
829 2445 953 2481 maxi—

119 2507 185 2534 ma
201 2495 483 2536 existimatione
499 2526 511 2543 ,
525 2497 665 2548 passim
690 2495 953 2549 excipiebatur

117 2563 366 2607 cummagno
380 2552 564 2604 applausu
579 2569 587 2591 :
602 2565 719 2604 quare
731 2551 758 2590 fi
771 2551 952 2592 voluifl'et

118 2604 275 2656 placere
314 2606 542 2647 hominibus
559 2635 573 2652 ‚
606 2622 686 2646 non
723 2620 953 2659 oportuerat

121 2672 274 2699 mutare
304 2661 588 2703 conditionem.
620 2661 693 2701 Sed
724 2662 817 2701 hinc
834 2663 952 2701 colli-

118 2715 245 2768 genda
264 2714 314 2753 est
344 2718 537 2770 generalis
552 2718 619 2756 illa
643 2716 821 2757 do&rina
835 2731 950 2767 quam

736 52 865 105 An·
887 16 1278 109 GALAfnsw

1024 144 1140 173 ceant
1161 149 1171 172 ι
1190 129 1255 173 sed
1275 129 1429 177 diuersa
1449 129 1771 181 sunt'h'olninum
1817 140 1867 184 e-'
1894 145 1898 152 '

1025 200 1133 228 nera.
1147 187 1286 242 quibus
1299 189 1430 242 placet
1443 187 1624 232 Christus
1641 196 1766 239 ,filis
1782 155 1865 238 ἰξυ-
1879 225 1881 230 ‹

1021 242 1183 283 deamus
1205 242 1362 296 placere
1375 248 1417 286 in
1431 243 1595 287 Christo
1611 262 1621 286 z
1643 253 1708 302 qui
1721 265 1864 294 veram

1021 295 1241 338 doeh-inam
1258 298 1328 338 suis
1339 299 1539 340 affefflbus
1561 301 1791 353 posthaberi
1803 322 1861 348 vo

1023 352 1207 400 huminis
1221 367 1306 394 mos
1322 369 1565 410 nequaquam
1607 360 1776 402 erendus
1791 361 1863 403 est.

1023 407 1074 447 Et
1086 408 1172 448 sant⁴
1190 411 1263 462 piis
1279 411 1319 450 ὅ(
1341 413 1505 468 integris
1524 370 1745 455 Pafioribus
1771 415 1863 458 sub-

1025 463 1193 504 eundum
1205 463 1355 517 semper
1368 469 1441 506 erit
1463 466 1541 508 hoc
1557 482 1756 512 certamen
1771 500 1786 519 ‚
1810 485 1860 514 vt

1025 531 1161 559 eorum
1190 518 1355 560 offensas
1370 522 1580 578 negligant
1603 528 1677 579 qui.
1692 525 1766 568 sibi
1777 542 1859 569 vo-

1023 573 1109 613 lunt
1119 587 1190 627 per
1204 579 1340 616 omnia
1361 575 1551 619 satisfieri.
1563 579 1861 624 NamEcclefia

1023 627 1173 682 semper
1197 629 1363 671 habebit
1378 629 1490 672 fucos
1507 637 1545 674 ὅ(
1562 635 1768 689 improbos
1782 638 1864 678 ho-

1024 686 1149 725 mines
1206 698 1272 748 w
1285 685 1493 728 libidinem
1520 688 1623 730 suam
1645 689 1862 744 praeferent

1023 713 1257 780 verboss'ei.
1292 742 1397 782 Boni
1422 745 1540 783 etiam
1554 747 1751 787 interdum
1767 761 1861 788 ten—

1023 806 1152 834 tantur
1168 794 1188 833 ὲ
1200 794 1426 852 diabolffivt
1441 796 1591 839 Pastori
1609 800 1862 846 succenseant

1023 850 1125 888 recita
1138 856 1345 893 momenti:
1360 851 1436 892 siue
1450 852 1487 894 id
1503 852 1651 896 faciant
1665 861 1861 913 ignorans

1024 916 1077 942 tia
1096 931 1108 948 ,
1126 904 1202 944 siue
1221 908 1495 960 praeoccupati‘
1504 909 1633 963 aliqua
1648 911 1864 955 infirmita-

1022 969 1076 997 te.
1092 959 1280 999 Nostrum
1298 964 1416 1018 igitur
1430 962 1483 1002 est
1499 992 1513 1010 ,
1531 965 1679 1017 quasuis
1693 967 1883 1010 offensas'

1024 1026 1105 1052 non
1121 1013 1383 1055 reformidare
1398 1044 1412 1063 ‚
1429 1017 1555 1059 modo
1582 1033 1716 1061 tamen
1743 1023 1862 1064 infir-

1021 1079 1108 1106 mos
1122 1066 1142 1106 a
1159 1069 1322 1109 Christo
1337 1086 1418 1110 non
1435 1073 1783 1117 alienemus-Multi
1799 1079 1863 1118 se·-

1021 1134 1086 1160 cus
1115 1136 1321 1175 exponunt
1348 1125 1452 1167 hunc
1477 1128 1606 1168 locum
1626 1158 1640 1177 ,
1664 1131 1741 1171 acfi
1768 1133 1863 1175 esset

1019 1177 1223 1218 concessio
1242 1194 1252 1217 z
1267 1191 1386 1232 atque
1411 1180 1516 1222 hunc
1532 1184 1680 1225 sensum
1693 1186 1768 1226 esse
1782 1202 1859 1242 pu-

1020 1235 1167 1278 tant,Si
1182 1233 1378 1284 placerem
1393 1234 1619 1279 hominibus
1632 1268 1648 1288 ,
1668 1246 1771 1280 Tunc
1785 1257 1860 1282 non

1021 1298 1038 1322 c
1073 1285 1455 1342 emhchristiftruus:
1476 1291 1761 1337 fateor.verum
1777 1301 1864 1351 quis

1019 1339 1100 1382 hoc
1115 1343 1215 1383 mihi
1229 1344 1516 1397 exprobrabit?
1540 1353 1624 1404 quis
1650 1367 1731 1392 non
1746 1353 1864 1396 videt:

1006 1410 1085 1439 me
1109 1397 1316 1439 hominum
1360 1399 1537 1443 fauorem
1565 1421 1646 1445 non
1675 1410 1858 1459 captare}

1018 1451 1126 1492 Mihi
1139 1466 1270 1494 tamen
1288 1454 1413 1495 sensus
1426 1458 1495 1498 ille
1510 1462 1622 1512 prior
1633 1465 1757 1519 magis
1771 1465 1864 1516 pla-

1013 1520 1080 1547 cet
1093 1536 1107 1555 ,
1123 1508 1231 1560 quod
1244 1511 1385 1550 Paulus
1412 1527 1700 1556 commemoret
1714 1531 1862 1570 quanta

1016 1560 1055 1601 se
1071 1562 1277 1604 hominum
1299 1569 1426 1620 gratia
1439 1571 1717 1620 priuaue1·it,vt
1731 1573 1859 1616 Chri·

1015 1614 1074 1658 sto
1089 1618 1126 1657 se
1139 1621 1178 1658 in
1195 1618 1422 1674 obsequium
1437 1622 1598 1664 dicaret.

1071 1686 1105 1712 11
1137 1675 1282 1714 Notum
1298 1686 1424 1714 autem
1441 1676 1547 1720 vobi:
1558 1678 1666 1730 facio
1683 1710 1693 1720 .
1760 1685 1858 1726 Hoc

1015 1727 1069 1768 est
1087 1730 1367 1770 validissimum
1381 1746 1654 1789 argumentum
1669 1764 1682 1782 ,
1700 1740 1738 1778 ὅ(
1749 1740 1860 1792 quasi

1015 1786 1231 1837 praecipuus
1243 1785 1362 1826 cardo
1377 1790 1417 1826 in
1430 1802 1507 1842 quo
1528 1790 1638 1831 causa
1652 1796 1818 1834 vertitur
1835 1822 1859 1843 ,

1014 1840 1113 1879 Non
1125 1839 1174 1879 ab
1195 1840 1424 1882 hominibus
1436 1858 1639 1897 acceptum
1662 1846 1698 1887 se
1721 1850 1857 1890 Euan-

1012 1896 1160 1949 gelium
1176 1894 1323 1935 habere
1335 1923 1349 1942 ,
1364 1896 1427 1937 sed
1439 1899 1644 1941 Diuinitus
1654 1902 1725 1944 fibi
1741 1901 1856 1946 fuisse

1013 1951 1225 1990 reuelatum
1246 1980 1255 1990 .
1272 1953 1322 1990 Et
1334 1955 1423 2005 quia
1435 1957 1573 2007 negari
1589 1955 1668 1997 hoc
1683 1960 1854 2011 ei-pote-

1013 2018 1073 2044 rat
1086 2032 1099 2050 ‚
1140 2005 1335 2061 subiungit
1360 2007 1641 2059 probationem
1674 2019 1854 2071 exegeti-

1012 2073 1115 2104 cam,
1136 2059 1214 2099 hoc
1231 2059 1283 2100 est
1296 2090 1308 2106 ‚
1326 2075 1408 2115 quae
1422 2066 1475 2103 rei
1523 2064 1606 2104 estae
1625 2073 1853 2111 narratione

1011 2113 1174 2154 constat.
1204 2115 1280 2157 Sed
1294 2131 1371 2170 quo
1405 2077 1652 2170 plusquabeat
1667 2123 1855 2175 ponderis

1012 2169 1260 2211 denuntiatio
1276 2171 1479 2222 ,praefatur
1497 2173 1534 2213 se
1549 2189 1629 2216 non
1642 2176 1692 2217 de
1705 2193 1749 2219 re
1773 2180 1854 2220 ob-

1009 2225 1115 2264 scura
1130 2226 1254 2279 loqui,
1281 2225 1344 2266 sed
1361 2230 1466 2268 cuius
1494 2229 1614 2270 fidem
1629 2245 1787 2285 paratus
1804 2235 1855 2278 fic

1010 2279 1245 2322 facere.nam
1265 2283 1342 2322 tale
1360 2282 1562 2324 exordium
1578 2288 1636 2326 rei
1654 2286 1756 2329 seriae
1770 2304 1860 2333 cort

1008 2337 1130 2375 uenit.
1165 2338 1372 2374 Secundum
1398 2336 1582 2376 hominem
1600 2341 1667 2393 effi
1708 2359 1855 2401 negat,

1008 2389 1110 2440 quod
1127 2391 1228 2430 nihil
1247 2390 1458 2433 humanum
1481 2394 1613 2447 refipit
1629 2425 1643 2444 ,
1659 2401 1724 2438 vel
1738 2400 1849 2454 quod

1008 2445 1231 2485 humanitus
1268 2445 1502 2490 fabricatum
1528 2465 1608 2500 non
1640 2451 1694 2492 est
1714 2471 1722 2493 :
1740 2458 1850 2496 cuius

1006 2500 1203 2553 probandi
1219 2502 1325 2543 causa
1339 2503 1491 2545 subiicit
1516 2508 1708 2548 continuo
1736 2509 1848 2563 post,

1007 2555 1043 2594 se
1067 2572 1146 2596 non
1175 2553 1285 2598 fuisse
1300 2557 1350 2599 ab
1372 2559 1455 2602 vllo
1482 2572 1639 2602 terreno
1659 2565 1847 2623 magistro

1004 2610 1201 2652 edoctum.

1079 2682 1116 2706 12
1197 2670 1329 2717 Neque
1360 2668 1457 2704 enim
1475 2666 1521 2706 ab
1538 2667 1683 2710 bomine
1701 2674 1843 2726 accepi.

1007 2720 1119 2776 Qid
1146 2719 1286 2778 igitur?>
1307 2737 1355 2762 an
1386 2735 1596 2777 propterea
1621 2728 1741 2769 vilior
1768 2733 1843 2770 erit

117 2770 213 2809 dixi:
233 2773 466 2825 Qicunque
483 2772 623 2813 volunt
639 2770 807 2812 fideliter
824 2772 952 2812 Chri·
979 2776 1224 2839 chorjtas
1246 2806 1259 2823 ,
1277 2778 1390 2831 siquis
1404 2779 1559 2821 edoctus
1575 2781 1749 2822 hominis
1765 2788 1845 2824 mi-

115 2823 174 2862 sto
192 2825 346 2873 seruire,
363 2841 428 2867 eos
441 2826 584 2868 debere
597 2826 756 2875 fortiter
770 2840 952 2877 contem-
1008 2829 1166 2871 nisterio
1182 2860 1194 2877 ,
1208 2831 1346 2876 doetor
1363 2834 1505 2876 exinde
1521 2836 1678 2878 euadat?
1702 2838 1848 2879 verum

114 2894 208 2918 nere
236 2881 441 2920 hominum
466 2884 657 2937 'gi-ariam.
686 2882 779 2922 Vox
804 2883 953 2922 Homi-

113 2934 226 2974 nibus
262 2935 383 2975 habet
412 2929 481 2979 hic¹
508 2950 653 2977 certam
688 2940 949 2978 notationem:

113 3003 238 3040 neque
256 2997 360 3031 enim
378 2991 655 3032 meam-data
673 3006 791 3045 opera
804 2991 951 3032 debent

123 3044 274 3088 Christi
304 3049 470 3090 ministri
486 3076 500 3099 ,
515 3061 560 3089 vt
575 3045 802 3090 hominibus
815 3046 952 3102 displi-

1007 2900 1187 2939 rcputare
1215 2882 1366 2940 semper
1392 2887 1581 2932 conuenit
1603 2882 1844 2946 mrum·

1005 2942 1134 2981 thinis
1159 2956 1244 2982 eum
1274 2942 1505 2986 inuaderent
1542 2945 1846 3001 pseudoaposto-

1006 2998 1062 3044 li,
1082 2999 1180 3036 Eum
1214 2998 1414 3051 arripuisse
1443 3001 1621 3040 mutilum
1639 3003 1844 3043 &adulte-

1003 3063 1136 3095 ratum
1160 3053 1423 3113 Euangelium
1451 3056 1506 3098 ab
1527 3058 1658 3107 aliquo
1689 3073 1768 3098 non
1798 3068 1847 3100 σό

1588 3113 1667 3155 Liti-
