1980 3338
95 35 126 52 ,-
391 6 394 10 ’
439 0 557 30 τ
605 43 608 46 «
664 0 1216 83 Λυ-ιέῃιῑῇοῑῑ

8 95 29 133 ’ῑ.
41 123 57 141 ,,
77 86 350 153 ιῒμῗεΐροῃτε
365 94 474 139 enim
484 98 806 160 peccamus,quia
820 106 922 150 Pee-

81 151 212 192 catum
230 165 312 192 non
327 151 438 200 estkt,
453 150 524 191 nrfi
539 151 823 192 voluntarium.
842 150 920 194 Sed

79 205 226 247 addiffi
244 205 368 254 sumus
383 211 439 249 ira
454 218 684 261 peccato,vt
701 207 803 247 nihil
819 206 917 260 spot!

79 272 125 302 t'e
136 260 327 315 possimus
338 262 452 317 quam
471 274 646 316 peccare:
662 263 752 315 quia
766 263 918 303 malitia

82 329 166 368 quae
179 319 222 358 in
239 316 354 358 nobis
367 315 694 362 dominatur,huc
713 331 784 356 nos
797 320 916 371 rapit.

78 370 217 424 Quare
231 370 312 411 haec
323 372 535 412 similitudo
553 386 635 412 non
654 373 828 411 coactam
848 378 864 419 <
870 386 916 414 vt

78 425 315 480 loquamur)
331 425 592 467 astristionein
612 425 743 473 sonat,
756 426 821 468 sed
838 442 915 468 vo-

79 479 292 522 luntarium
307 481 552 536 obsequium,
569 484 630 523 cui
644 497 718 522 nos
732 483 915 539 ingenita

82 535 242 578 seruitus
257 534 418 578 addicit.

142 605 176 644 ις
199 592 201 595 ’
235 589 354 646 Qod
366 591 466 629 enim
482 600 621 642 opcror,
635 601 707 625 non
721 587 912 644 intelligo.

79 647 199 691 Nunc
225 645 427 688 descendit
451 645 502 687 ad
529 645 752 699 exemplum
784 651 912 704 magis

78 701 317 754 particulare
336 701 508 743 hominis
523 704 598 750 iam
616 704 852 758 regenerati:
870 706 911 744 in

76 767 156 812 quo
170 769 366 811 vtrunque
381 755 485 811 quod
497 756 825 802 intendit‚clarius
838 771 911 810 ap-

74 822 351 864 paretmempe
374 815 412 853 ὅ(
426 826 571 863 quanta
583 811 629 853 fit
640 809 834 852 discordia
847 815 911 852 in-

71 878 132 906 ter
150 867 303 922 Legem
322 868 401 908 Dei
426 871 463 907 &
482 867 654 907 hominis
673 870 910 913 naturam,&

73 921 277 973 quomodo
296 924 499 977 nequaqui
515 936 560 962 ex
590 922 629 963 se
641 933 810 967 mortem
825 923 906 962 Lex

103 989 251 1016 eneret.
272 978 467 1030 Siquidem
481 985 599 1031 quum
618 977 744 1016 homo
768 989 909 1016 carna-

68 987 123 1071 lis
137 1044 223 1071 tota
237 1035 362 1073 animi
393 1032 623 1086 prope'fione
645 1033 687 1069 in
700 1028 907 1071 libidinem

71 1085 262 1140 'peccandi
290 1101 375 1127 ruat
394 1103 404 1126 :
420 1086 574 1127 videtur
598 1098 654 1127 ita
672 1083 798 1126 libera
823 1087 907 1126 ele-

70 1143 202 1181 ctione
218 1156 384 1196 peccare
397 1170 412 1189 ,
437 1155 483 1181 vt
494 1140 541 1181 fit
556 1142 598 1180 in
622 1138 907 1193 potestateeius

70 1196 268 1237 moderari
284 1196 368 1238 fibi:
382 1209 428 1237 vt
444 1195 526 1236 haec
542 1197 682 1249 opinio
701 1198 905 1249 pernicio·

71 1251 217 1292 sissima
229 1250 330 1306 apud
348 1265 487 1290 omnes
510 1248 592 1289 fere
608 1252 775 1290 inualuit
792 1280 806 1298 ,
823 1251 904 1292 ho·-

70 1310 218 1347 minem
234 1307 404 1346 naturali*
415 1304 602 1347 facultate
626 1304 733 1358 posse
747 1318 903 1346 vtrum—

68 1360 168 1403 libet
182 1362 346 1419 eligere,
360 1365 458 1404 citra
475 1362 629 1402 Diuinae
643 1362 779 1418 gratiae
791 1364 902 1401 auxi-

65 1415 180 1455 lium.
197 1429 236 1456 at
255 1416 355 1455 vero
372 1417 464 1456 dum
482 1418 664 1456 voluntas
679 1415 806 1455 fidelis
820 1416 901 1456 ho-

66 1473 182 1510 minis
200 1473 347 1523 Spiritu
358 1472 439 1513 Dei
455 1471 504 1511 ad
524 1470 671 1510 bonum
689 1473 835 1527 agitur,
849 1473 899 1510 il-

63 1525 117 1565 lic
130 1529 330 1579 perspicue
346 1531 454 1582 patet
470 1539 611 1566 naturae
624 1539 897 1580 prauitas,quae

67 1579 259 1623 obstinate
271 1581 609 1627 resistit‚&nititur
623 1584 664 1620 in
677 1580 895 1622 aduersum.

65 1635 177 1694 Ergo
192 1635 488 1690 aptissimum-in
502 1636 668 1677 homine
683 1651 896 1694 regenera-

63 1702 108 1730 to
124 1691 347 1744 exemplum
366 1690 435 1739 est,
448 1691 554 1734 vnde
569 1692 787 1746 cognoscas
800 1695 896 1746 qui-

61 1757 146 1785 tum
163 1745 208 1786 lit
221 1759 364 1788 naturae
387 1745 693 1788 nostraedissidit'i
716 1761 802 1786 cum
817 1750 898 1788 Le-'

62 1804 125 1857 gis
141 1801 395 1843 iustitia.hinc
413 1815 532 1842 etiam
547 1802 706 1842 alterius
725 1802 894 1843 membri

60 1855 345 1897 demonstratio
363 1860 489 1910 aptius
506 1859 662 1910 petitur
682 1886 696 1903 ‚
713 1859 826 1911 quam
846 1873 893 1898 ex

59 1910 162 1951 nuda
187 1911 364 1952 humaiiae
390 1925 534 1951 naturae
563 1911 891 1953 consideratione.

65 1967 148 2006 Lex
164 1970 286 2016 enim,
305 1970 444 2021 quiain
464 1967 628 2006 homine
639 1981 791 2020 penitus
807 1983 893 2008 car-

63 2022 144 2060 nali
162 2020 282 2060 solam
311 2035 479 2062 mortem
494 2026 598 2075 parit
613 2050 626 2068 ,
643 2020 794 2062 facilius
810 2024 890 2063 illic

58 2075 315 2116 insimulatur:
333 2082 422 2132 quia
433 2077 551 2117 dubii]
564 2074 615 2116 est
631 2077 736 2117 vnde
748 2081 891 2117 vitium

60 2135 283 2186 proueniat.
302 2134 345 2170 In
365 2132 529 2172 homine
545 2146 779 2188 regenerato
804 2131 890 2172 fru-

8 2212 40 2225 x
57 2187 138 2224 stus
158 2185 334 2226 salutares
349 2185 624 2239 profertzvnde
637 2199 890 2240 apparet,per

57 2253 213 2280 carnem
230 2255 380 2281 tuntum
397 2240 548 2281 obstare
574 2256 649 2295 quo
669 2246 794 2281 minus
824 2246 888 2288 vi<-

57 2294 357 2336 uificetztantum
372 2294 477 2335 abest
491 2310 534 2335 vt
549 2296 568 2334 a
583 2295 701 2348 scipstt
715 2310 886 2337 mortem

54 2363 233 2406 generet.
269 2351 364 2406 Qo
378 2353 496 2408 igitur
512 2365 596 2390 tota
616 2350 695 2390 haec
714 2349 887 2402 disputa-

55 2407 112 2444 tio
127 2404 278 2446 fidelius
294 2420 337 2446 ac
356 2420 494 2445 certius
511 2405 758 2465 intelligutur
778 2434 791 2451 ‚
811 2418 887 2445 no-

54 2459 215 2499 tandum
233 2458 286 2500 est
301 2490 313 2507 ‚
333 2461 411 2500 hoc
438 2475 635 2500 certamen
663 2460 712 2500 tle
727 2474 804 2513 quo
823 2463 886 2501 lo-

53 2519 182 2569 quitur
200 2513 409 2568 Apostolus
425 2545 438 2562 ,
461 2531 541 2556 non
568 2519 670 2568 prius·
686 2529 817 2555 extare
846 2520 883 2556 in

55 2568 222 2611 homine
238 2598 251 2616 ,
269 2572 380 2623 quam
401 2574 547 2623 Spiritu
573 2571 649 2610 Dei·
667 2567 785 2610 fuerit
800 2570 885 2610 san-

55 2623 256 2664 stificatus.
275 2627 382 2665 Nam
402 2625 526 2666 homo
543 2638 685 2664 naturae
706 2625 773 2664 sua>
788 2627 886 2665 reli-

56 2679 136 2718 ἃυς
157 2707 171 2726 ,
192 2693 294 2720 totus
311 2681 390 2720 fine
404 2684 717 2739 repugnantiam
735 2681 887 2733 cupidi-

55 2746 155 2773 tates
170 2733 306 2775 fertur.
324 2736 561 2790 Qanquam
575 2749 679 2775 enim
695 2738 805 2788 impii
821 2734 885 2785 stiss

53 2789 169 2828 mulis
193 2789 438 2830 conscientia·
464 2793 742 2836 lancinantur,
762 2806 888 2844 neque

54 2845 110 2886 ita
130 2842 199 2884 fibi
214 2843 381 2886 blandiri
397 2845 551 2899 possunt
567 2849 607 2886 in
624 2844 694 2884 suis
716 2849 886 2892 vitimvt

56 2912 137 2938 non
152 2899 320 2953 aliquem
335 2902 605 2942 amaritudinis
631 2898 779 2957 gustum
801 2901 887 2941 sen-

56 2956 170 3000 tiant:
190 2968 270 2994 non
284 2954 406 3008 possis
421 2970 555 2997 tamen
572 2956 663 2996 inde
678 2957 887 3013 colligere,

56 3021 121 3047 aut
138 3010 282 3049 malum
297 3010 346 3050 ab
360 3013 407 3051 iis
422 3011 516 3052 odio
544 3010 682 3051 haberi
702 3041 714 3057 ‚
733 3025 796 3051 aut
815 3010 889 3051 bo-

56 3076 148 3104 num
162 3066 447 3109 amari-Titum
459 3067 510 3109 sic
527 3079 593 3107 eos
608 3079 784 3122 torqueri
798 3067 890 3110 Do·-

975 97 1105 136 minus
1118 93 1332 150 permittit,
1348 94 1396 138 ἡ
1407 93 1596 147 iudiciuin
1614 95 1725 142 suuni
1737 105 1816 146 211·-

975 152 1111 205 qua·e'x
1123 163 1240 206 parte
1255 151 1337 192 illis
1350 151 1694 196 demonstr-ennon
1709 160 1812 199 verc'»

974 218 1024 247 vt
1032 220 1099 248 aut
1114 203 1266 249 iustitiae
1283 219 1423 248 amore
1437 234 1452 254 ,
1467 220 1535 248 aut
1546 213 1698 262 peccati·
1713 213 1809 254 odio

973 259 1138 302 afficiat.
1159 262 1250 302 Hoc
1261 274 1394 316 itaque
1405 265 1510 303 inter
1524 277 1592 303 eos
1604 277 1651 304 ac
1664 264 1812 309 ³fideles

973 315 1028 356 est
1039 316 1380 371 discrimen,qu<'·›d
1393 317 1451 358 illi
1462 331 1660 372 nunquam
1675 323 1730 361 ita
1743 336 1812 362 ex-

973 376 1106 413 caecati
1123 373 1206 412 sunt
1224 375 1261 412 ὅ(
1273 372 1448 413 indurati
1460 375 1604 414 'animis
1615 402 1633 421 ,
1647 379 1761 430 quin,
1777 378 1809 419 fi

971 429 1223 483 appellantur
1246 426 1298 468 de.
1323 427 1396 468 suis
1420 426 1662 470 facinoribus
1676 458 1691 476 ‚
1710 444 1809 485 pro-

971 486 1061 535 prio
1090 483 1338 523 conscientiae
1354 481 1500 524 iudicio
1513 483 1803 529 iliadamnent.

971 537 1129 579 Etenim
1148 551 1232 578 non
1263 539 1377 591 plane
1392 535 1446 578 est
1457 540 1631 580 extinaa
1657 544 1698 581 in
1728 544 1809 584 illis

969 594 1242 651 intelligentia
1252 621 1267 640 ,
1282 596 1374 648 quin
1387 593 1486 648 aequi
1499 598 1536 635 ὅ(
1553 596 1679 649 iniqui
1689 595 1806 638 diffe-

970 652 1139 689 rentiam
1155 647 1342 688 habeant.
1356 647 1554 689 interdum
1570 653 1689 692 etiam
1704 664 1805 706 pro-

969 715 1058 755 pter
1073 704 1166 744 mali
1180 702 1234 744 sui
1249 702 1394 744 sensum
1408 704 1577 745 horrore
1589 711 1803 751 concutiun

968 770 1048 806 tur,
1066 773 1112 799 vt
1125 757 1318 813 quandam
1332 762 1372 799 in
1390 758 1464 800 hac
1482 763 1565 800 vita
1577 758 1805 806 damnatio-

969 816 1030 852 nis
1042 812 1207 867 speciem
1226 812 1446 854 sustineant.
1462 814 1722 858 nihilominus
1734 833 1803 860 to-

967 879 1012 907 to
1029 883 1073 908 ex
1093 868 1213 910 corde
1226 882 1428 923 peccatum
1443 869 1522 911 illis
1540 872 1806 924 placctzideo-

966 935 1042 974 que
1056 925 1097 962 in
1114 924 1236 977 ipsum
1251 924 1484 965 incumbunt
1498 925 1576 966 fine
1595 941 1686 967 vera
1701 929 1803 970 affe-

966 978 1047 1016 ᾶυς
1059 991 1152 1031 repu
1186 985 1332 1019 nantia.
1352 980 1416 1020 Illi
1434 983 1538 1020 enim
1554 981 1801 1037 conscientiae

965 1033 1089 1072 aculei
1102 992 1239 1087 qmghus
1253 1046 1481 1090 punguntur
1498 1063 1512 1081 ,
1529 1041 1659 1089 potin}
1671 1053 1719 1078 ex
1737 1043 1802 1081 iu-

963 1085 1056 1128 dicii
1069 1087 1381 1128 contradictione
1395 1089 1733 1147 nascuntur,qua‘m
1749 1110 1798 1135 ex

963 1146 1162 1184 contrario
1187 1143 1404 1184 voluntatis
1421 1143 1573 1185 affectu.
1592 1148 1653 1186 Pii
1669 1149 1798 1198 cotra,

962 1197 1002 1235 in
1019 1196 1153 1250 quibus
1169 1211 1299 1251 coepta
1314 1196 1366 1238 est
1378 1199 1458 1240 Dei
1469 1204 1792 1257 regeneratio,s1c

960 1249 1070 1291 diuifi
1087 1251 1170 1293 sunt
1186 1281 1201 1300 ,
1221 1267 1266 1293 vt
1283 1256 1479 1307 praecipuo
1495 1255 1624 1296 cordis
1640 1257 1792 1298 deside-

959 1307 1021 1346 rio
1035 1305 1084 1347 ad
1101 1308 1234 1348 Deum
1251 1307 1440 1362 suspirent
1451 1336 1466 1356 ,
1480 1308 1666 1351 caelestem
1684 1312 1793 1354 iusti-

958 1363 1054 1400 tiam
1073 1376 1286 1416 expetant,
1305 1377 1508 1417 peccatum
1522 1365 1681 1407 oderint
1697 1384 1706 1406 ε
1727 1368 1793 1411 sed.

957 1415 1107 1456 rursum
1136 1422 1263 1458 carnis
1289 1420 1357 1458 suae
1381 1421 1553 1474 reliquiis
1571 1424 1612 1461 in
1644 1436 1791 1465 terram

956 1472 1220 1513 retrahantur.
1250 1476 1388 1528 Itaque
1399 1473 1490 1515 dum
1505 1475 1556 1514 fic
1567 1475 1792 1519 distrahun—

957 1538 1036 1573 tur,
1054 1532 1136 1567 vim
1150 1529 1220 1581 ipfi
1235 1543 1378 1569 naturae
1395 1529 1462 1578 suae
1477 1527 1643 1579 faciunt,
1661 1536 1697 1573 8(
1715 1534 1788 1576 fibi·

954 1579 1040 1621 ficri
1056 1582 1105 1623 ab
1119 1584 1201 1637 ipsa
1219 1583 1443 1625 sentiunt.N
1449 1599 1544 1638 eque
1563 1586 1708 1629 iudicio
1723 1603 1789 1629 ra-

954 1639 1076 1677 tionis
1086 1637 1240 1679 tantt‘im
1255 1641 1380 1680 coacti
1403 1653 1564 1693 peccata
1588 1642 1650 1682 sua
1673 1642 1790 1685 dam-

953 1705 1063 1732 nant:
1081 1693 1144 1734 scd
1162 1708 1251 1748 quia
1265 1694 1365 1735 serio
1385 1694 1514 1736 cordis·
1529 1694 1669 1736 affectu
1683 1713 1726 1738 ea
1741 1714 1788 1739 a-

953 1745 1268 1796 boininantur‚&
1280 1754 1319 1789 in
1335 1753 1379 1790 iis
1394 1749 1464 1791 fibi
1479 1750 1671 1804 displicet.
1688 1756 1785 1795 Haec

954 1800 1007 1840 est
1018 1804 1118 1842 lucta
1135 1803 1359 1845 Christiana
1383 1804 1432 1845 de
1446 1819 1521 1859 qua
1536 1808 1675 1847 Paulus
1691 1809 1787 1850 Gal.

954 1860 1351 1912 5.17,loquitur‚inter
1366 1874 1522 1900 carnem
1538 1865 1577 1903 ὅ(
1591 1862 1783 1915 spiritum.

951 1913 1123 1953 Proinde
1137 1914 1237 1954 bene
1251 1914 1395 1954 dicrum
1411 1914 1478 1962 est,
1496 1916 1701 1958 hominem
1716 1934 1783 1961 car

950 1969 1079 2008 nalem
1096 1971 1214 2008 totius
1232 1973 1354 2009 animi
1367 1971 1607 2021 consensujac
1621 1975 1782 2028 conspi-

948 2027 1154 2064 rationein
1168 2037 1374 2076 peccatum
1388 2039 1500 2066 ruere
1517 2042 1526 2065 z
1545 2027 1781 2070 diuisionem

948 2079 1050 2117 vero
1069 2076 1194 2118 statim
1209 2094 1292 2119 tum
1306 2083 1479 2134 incipere
1493 2084 1663 2134 primum
1679 2112 1694 2131 ‚
1708 2084 1780 2126 vbi

949 2132 968 2170 a
984 2135 1166 2174 Domino
1182 2148 1343 2174 vocatus
1357 2135 1474 2183 est,ac
1489 2137 1622 2190 spiritu
1637 2138 1780 2180 sancti-

946 2187 1097 2228 ficatus.
1130 2191 1398 2247 Regeneratio
1428 2195 1534 2233 enim
1568 2193 1780 2234 inehoatur

946 2243 1099 2283 tantum
1115 2246 1155 2283 in
1173 2245 1246 2285 hac
1262 2245 1509 2285 vita:refidufi
1524 2251 1649 2288 carnis
1669 2249 1778 2303 quod

946 2311 1076 2337 manet
1095 2327 1109 2345 ,
1127 2312 1331 2353 corruptos
1345 2300 1430 2340 suos
1454 2300 1611 2342 affectus
1623 2303 1775 2358 semper

945 2352 1113 2407 sequitur
1126 2382 1140 2400 ‚
1154 2368 1270 2409 atque
1285 2359 1340 2395 ita
1352 2369 1525 2413 pugnam
1541 2372 1680 2398 contra
1697 2361 1776 2412 spi-

943 2422 1061 2448 ritum
1075 2413 1405 2463 mouet.1mperiti
1416 2415 1480 2465 qui
1495 2427 1576 2452 non
1588 2428 1775 2467 reputant

945 2476 1018 2515 qua
1033 2467 1072 2504 in
1086 2478 1128 2502 re
1142 2465 1316 2505 versetur
1331 2465 1561 2519 Apostolus,
1577 2482 1641 2508 aut
1655 2483 1774 2523 quam

943 2517 1092 2574 agendi
1106 2522 1368 2560 oeconomiam
1381 2535 1532 2569 teneat,
1545 2535 1685 2575 putant
1698 2525 1778 2565 ho·

943 2577 1058 2613 minis
1072 2587 1248 2615 naturam
1268 2575 1333 2615 hic
1344 2574 1525 2618 describi.
1552 2579 1601 2617 Et
1614 2578 1699 2619 sane
1715 2592 1778 2619 ta-

943 2629 990 2667 lis
1004 2627 1057 2668 est
1067 2629 1168 2682 apud
1184 2630 1455 2684 Philosophus
1468 2632 1684 2687 descriptio
1699 2634 1775 2673 hu-

945 2687 1049 2725 mani
1067 2687 1231 2779 inienii.
1268 2688 1418 2726 Verum
1435 2689 1631 2741 Scriptura
1657 2689 1778 2746 longe

942 2740 1057 2779 altius
1084 2752 1108 2792 p
1145 2739 1387 2793 ilosophatur
1404 2770 1417 2788 ‚
1432 2746 1523 2796 quia
1541 2743 1651 2783 videt
1671 2744 1776 2786 nihil

944 2797 985 2834 in
999 2795 1118 2834 corde
1134 2795 1309 2835 hominis
1324 2797 1517 2838 rem-{iisse
1530 2810 1668 2851 praeter
1682 2812 1776 2852 per-

945 2848 1163 2893 uerfitatem
1181 2878 1195 2896 ,
1213 2864 1258 2889 ex
1271 2863 1349 2904 quo
1365 2852 1493 2893 Adam
1507 2855 1682 2911 imagine
1695 2854 1776 2893 Dei

947 2903 1133 2961 spoliatus
1149 2902 1216 2945 cst.
1243 2907 1303 2946 Ita
1316 2905 1633 2961 sophistae,quum
1651 2907 1777 2948 liberii

945 2959 1150 3001 arbitrium
1166 2958 1332 3000 definire
1350 2963 1578 3008 volunt‚vel
1594 2961 1778 3003 aestimare

946 3014 1040 3068 quid
1052 3016 1182 3056 valeat
1199 3030 1341 3055 naturae
1354 3015 1581 3063 facultas,in
1597 3018 1700 3058 hunc
1718 3019 1779 3055 lo-

945 3083 1037 3122 gum
1051 3070 1242 3118 infistunt,
1262 3071 1387 3125 Atqui
1402 3073 1615 3129 Paulus‘wt
1629 3086 1705 3112 iam
1718 3070 1782 3111 di·

1532 3130 1591 3166 m.

1456 0 1553 15 m
1815 7 1818 9 ,
