1980 3338
591 0 1107 87 Anfc'oltmtn.
1172 0 1322 82 υἷ’Δ

88 99 433 202 Deissnihipotius
443 102 602 148 videtur
618 107 698 149 hec
711 106 817 148 velle
838 106 936 148 serio

87 160 272 201 examine
327 159 438 201 abito
459 161 659 219 ,singulos
684 161 786 209 ,acfi
799 163 840 203 in
854 163 937 203 Dei

88 215 343 269 conspeetum
374 215 568 258 venissent
592 245 607 265 ,
641 218 782 258 melius
819 217 936 273 quam

87 284 208 312 antea
220 270 292 312 fibi
316 269 426 322 fuilse
437 285 573 313 notos.
793 281 803 291 ·

147 341 180 380 ¹3
250 322 540 378 Confilationem
561 326 783 380 accepimus.
848 327 937 368 To-

95 392 158 422 tus
172 386 213 423 in
225 396 272 422 eo
289 381 343 422 est
358 382 563 429 Paulus,vt
591 381 817 424 Corinthiis
842 396 936 437 per-

94 434 253 479 suadeat
270 465 285 485 ‚
313 436 382 479 sibi
407 438 510 478 nihil
537 435 612 477 esse
636 439 766 491 potius
796 451 932 479 eorum

94 489 354 546 bono.itaque
367 506 501 533 eorum
531 491 843 533 consolationem
863 493 933 534 fibi

94 560 348 587 communem
379 546 492 590 fuiss'e
535 546 649 589 dicit.
692 548 823 590 Porro
848 547 934 589 haec

91 599 224 644 fuerat
239 601 458 643 consolatio
478 631 492 650 ,
519 599 625 655 quod
639 608 775 660 agnita
801 605 932 656 culpa,

91 670 177 698 non
189 655 312 699 modo
325 656 421 698 boni
434 656 688 699 consulebant
720 661 934 700 correctio-

93 725 185 752 nem
199 741 214 760 ,
240 711 304 753 sed
345 713 425 753 leti
472 727 560 753 eam
595 713 932 767 amplexabantur.

94 779 189 807 nam
201 769 455 809 correctionis
480 767 672 810 acerbitas
699 768 814 810 facile
844 770 934 811 dul-

91 821 210 864 cescit
252 823 482 877 simulatque
520 820 672 881 gustare
725 827 802 865 inci
835 828 933 865 imus

93 877 211 930 quam
226 877 340 918 nobis
357 875 476 918 fuerit
489 893 548 919 vti
557 879 614 918 lis.
633 880 758 934 Qod
771 895 792 920 a
822 881 881 921 dit
898 881 933 921 se

93 931 437 992 vberiusgauisum
465 933 540 974 effe
572 932 682 988 super
713 937 795 975 Titi
811 936 933 978 conso

94 987 248 1029 latione
268 1017 280 1035 ,
306 988 581 1046 gratulationis
597 989 667 1030 est.
682 989 932 1030 Exhilaratus

92 1039 221 1084 fuerat
233 1041 497 1097 Titus‚quodi
530 1043 589 1085 sos
607 1047 736 1102 magis
762 1043 935 1098 obsequi?

94 1109 154 1139 tes
167 1101 206 1139 ἀ
224 1095 362 1139 faciles
375 1057 830 1152 deprehendissenquam
846 1113 933 1139 ere-

93 1150 222 1194 dibile
249 1167 334 1194 erat
352 1170 363 1193 z
402 1153 486 1194 imo
534 1153 645 1206 quod
683 1153 933 1206 comperisset

98 1205 266 1248 subitam
294 1213 549 1250 mutationem
574 1209 617 1248 in
644 1208 796 1247 melius.
825 1208 933 1249 vnde

95 1262 442 1321 colligiturprocul
453 1261 503 1302 ab
513 1261 560 1303 ad
566 1262 740 1302 ulatione
765 1260 933 1304 abfuisse

94 1317 302 1361 lenitatem
319 1317 539 1370 Pauli‚quia
555 1315 606 1357 fic
622 1319 770 1357 laetatus
796 1316 848 1358 est
861 1334 933 1360 eo-

93 1385 182 1412 rum
193 1371 339 1431 gaudio
354 1388 363 1411 :
377 1385 422 1412 vt
434 1373 622 1425 praecipue
646 1385 781 1413 tamen
810 1375 852 1414 in
864 1388 933 1415 re-

93 1426 193 1481 sipis
186 1430 314 1468 centia
326 1428 575 1480 acquicuerit.

151 1496 199 1531 14
253 1477 516 1537 Qodfiquid
527 1475 631 1534 apud
642 1477 768 1519 illum.
789 1477 933 1519 Subin-

100 1535 208 1577 dicat
222 1537 335 1590 quam
349 1539 479 1578 amico
496 1535 646 1589 semper
662 1539 799 1576 animo
812 1533 934 1576 fuerit

95 1592 138 1633 in
153 1592 408 1638 Corinthios,
426 1591 539 1645 quam
553 1591 698 1632 fincere
724 1593 763 1632 &
788 1589 933 1630 huma-

98 1648 201 1686 niter
213 1644 264 1687 de
278 1647 355 1689 illis
369 1646 705 1689 indicauerit.nam
719 1660 798 1699 quo
829 1658 933 1685 tern-

95 1703 197 1753 pore
208 1701 440 1744 videbantur
453 1702 610 1760 indigni
631 1700 706 1742 esse
723 1713 933 1740 commen-

93 1755 273 1804 datione,
289 1757 414 1798 multa
429 1756 570 1799 demis
588 1756 774 1810 praeclara
803 1754 933 1796 adhuc

95 1811 370 1865 pollicebatur.
385 1814 477 1854 Hoc
492 1811 576 1853 sane
591 1812 744 1870 insigne
769 1809 823 1851 est
846 1810 934 1864 spe-

94 1869 226 1906 cimen
242 1869 336 1908 recti
351 1882 395 1908 ac
413 1867 540 1909 cadidi
555 1869 721 1920 pectoris
737 1869 777 1906 in
790 1864 933 1906 faciem

97 1921 393 1977 reprehendere
407 1937 504 1978 quos
518 1937 625 1962 ames
643 1938 652 1961 :
682 1921 784 1962 bene
799 1935 934 1962 tamen

94 1970 147 2017 de
162 1977 238 2016 illis
256 1977 467 2031 sperare,&
484 1978 587 2018 boni
603 1977 708 2031 spem
723 1977 809 2016 aliis
825 1976 934 2017 dare.

97 2032 195 2073 Haec
210 2032 405 2074 sinceritas
419 2032 557 2074 debuit
575 2034 664 2073 illos
681 2045 931 2083 permouere‚

96 2086 240 2141 nequid
253 2087 302 2128 ab
314 2103 361 2129 eo
377 2087 595 2142 profectum
609 2090 649 2127 in
670 2087 813 2125 malam
843 2085 935 2136 par'-

95 2154 178 2183 tem
191 2145 428 2196 acciperent.
457 2145 614 2183 interim
633 2140 705 2181 hac
731 2140 936 2181 occasione

99 2194 230 2238 obiter
244 2199 383 2236 iterum
401 2197 503 2236 suam
520 2202 560 2237 in
580 2197 737 2246 reliquis
754 2194 936 2234 omnibus

96 2253 270 2308 negotiis
296 2250 412 2290 fidem
430 2250 668 2291 commedat.
682 2249 756 2290 acsi
768 2248 935 2297 diceret,

99 2306 226 2346 Vobis
257 2305 439 2345 hastenus
468 2319 692 2358 compertus
729 2303 803 2344 fuit
827 2318 935 2344 meus

98 2360 312 2406 candor,vt
332 2375 510 2408 veracem
527 2375 589 2399 me
603 2359 784 2399 omnibus
817 2362 855 2398 in
872 2375 937 2400 re-

100 2414 170 2455 bus
206 2430 249 2454 ac
287 2417 448 2455 minime
486 2429 631 2456 vanum
672 2414 936 2467 probauerim.

101 2469 265 2511 Gaudeo
289 2473 411 2529 igitur
430 2485 493 2511 mc
505 2484 660 2527 quoque
674 2471 813 2510 verace
834 2485 937 2512 nunc

1688 8 1781 98 ⁴445

990 103 1101 149 fuisse
1114 134 1130 155 ‚
1146 105 1197 149 de
1208 104 1326 148 vobis
1351 107 1455 163 apud
1479 107 1584 152 alios
1602 107 1837 171 gloriando}

1047 175 1061 201 t
1067 171 1087 211 5
1143 161 1303 214 Viftera
1319 165 1398 202 eins
1411 163 1589 202 maiorem
1600 177 1641 202 m
1669 166 1829 206 modum.

989 216 1099 271 Qia
1116 216 1223 258 sedes
1234 215 1442 260 affe&uum
1454 217 1509 260 est
1525 221 1566 260 in
1597 219 1832 270 visceribus,

988 271 1081 314 ideo
1094 273 1176 314 hoc
1202 278 1368 317 nomine
1404 273 1675 316 misericordia
1694 302 1707 320 ‚
1724 275 1832 317 dile-

988 329 1085 375 etio,
1101 332 1140 370 &
1153 331 1284 369 omnis
1299 332 1382 382 pius
1396 328 1556 370 affeetus
1569 330 1597 369 fi
1631 330 1827 373 nificatur.

988 381 1054 424 sed
1064 382 1290 437 emphatice
1299 388 1530 439 ‘exprimere
1539 343 1688 432 νοῇιὶτ,
1706 400 1833 439 quum

986 440 1076 479 ante
1087 439 1275 495 diligeret
1289 440 1530 483 Corinthios
1548 441 1660 481 Titus
1672 468 1687 487 ,
1715 441 1829 483 fuisse

987 507 1079 534 tunc
1095 494 1341 536 veheme‘tius
1367 496 1570 549 accensum
1588 495 1638 536 ad
1666 496 1771 549 ipsos
1784 512 1831 538 a-

988 549 1141 596 midos,
1161 549 1278 604 idque
1291 564 1337 591 ex
1359 554 1502 593 intimo
1526 550 1657 592 cordis
1673 552 1830 594 affectu.

988 603 1116 646 Porro
1130 604 1192 646 his
1206 606 1338 648 verbis
1354 608 1490 647 Titum
1519 606 1687 647 infinuat
1714 611 1755 647 in
1781 619 1836 648 a-·

987 673 1139 701 morem
1156 664 1192 702 C
1196 661 1596 703 orinthiorumfficuii
1609 668 1732 705 amari
1745 667 1828 704 vti-

986 715 1024 754 le
1037 714 1270 758 estsschristi·
1289 716 1445 765 seruos,
1468 731 1547 772 quo
1573 731 1637 757 ma
1670 721 1702 757 is
1728 731 1828 771 pro-

985 769 1089 811 desse
1105 785 1266 824 queant,
1280 773 1391 812 fimul
1403 776 1578 813 animum
1607 787 1627 812 a
1658 773 1716 813 dit
1747 775 1828 815 illis

985 823 1035 865 ad
1048 824 1148 866 bene
1178 826 1381 885 pergendi}
1408 842 1487 879 quo
1502 828 1538 868 se
1563 827 1677 869 bonis
1690 836 1830 870 omni-

987 879 1056 920 bus
1073 880 1241 922 reddant
1264 882 1465 924 amabiles.
1507 889 1600 922 cum
1615 883 1744 920 timore
1773 897 1829 930 (9⁶

987 938 1201 977 mmorefl
1205 941 1237 978 is
1248 936 1400 978 duobus
1416 938 1551 979 verbis
1564 942 1827 980 reuerentiam

985 990 1198 1042 aliquando
1225 991 1453 1045 simpliciter
1480 992 1675 1051 fignificat
1691 1010 1700 1032 :
1719 994 1828 1048 quod

986 1043 1078 1084 huic
1090 1046 1182 1086 loco
1196 1044 1371 1088 fortassis
1382 1063 1463 1089 non
1478 1049 1579 1088 male:
1591 1048 1822 1102 quadraret,

986 1112 1204 1151 quanquam
1220 1115 1302 1141 non
1319 1101 1500 1155 displicet
1514 1105 1729 1144 tremore'm
1749 1120 1829 1146 no·

986 1157 1167 1195 minatim
1183 1155 1486 1211 pofitum,qu‹*>d
1499 1157 1570 1198 fibi
1599 1160 1699 1199 male
1726 1175 1829 1201 con-

986 1205 1053 1249 scii
1065 1209 1344 1252 reuerebantur
1360 1214 1441 1253 eius
1455 1211 1715 1266 conspectum.
1743 1215 1831 1256 Ex-

987 1264 1197 1315 pauescunt
1214 1267 1332 1318 quide‘
1347 1268 1426 1315 etii
1450 1267 1615 1322 quisunt
1643 1267 1830 1313 obstinati

986 1320 1028 1358 in
1045 1319 1116 1359 suis
1147 1321 1352 1363 sceleribus
1375 1322 1426 1365 ad
1448 1323 1696 1376 conspestum
1723 1325 1831 1366 iudi-

986 1375 1041 1413 cis
1057 1391 1066 1413 ε
1080 1374 1144 1416 sed
1157 1377 1380 1419 voluntaria
1395 1378 1609 1433 trepidatio
1626 1408 1637 1425 ‚
1702 1395 1755 1419 uae
1780 1396 1830 1422 ex

988 1430 1164 1487 ingenuo
1185 1430 1335 1485 pudore
1348 1447 1482 1475 manat
1495 1463 1508 1481 ,
1524 1433 1634 1491 signs:
1646 1395 1699 1475 ea
1711 1437 1829 1491 refipi

986 1482 1158 1526 scentiae.
1170 1489 1360 1530 Vtranuis
1387 1489 1673 1543 expositionem
1689 1493 1826 1550 eligas.

985 1539 1108 1582 docet
1123 1540 1191 1584 hic
1204 1543 1292 1583 loc⁹
1313 1558 1394 1597 quae
1410 1545 1457 1586 fit
1469 1560 1563 1585 vera
1577 1551 1756 1600 exceptio
1771 1550 1827 1589 mi

987 1595 1159 1637 nistrorfi
1185 1598 1436 1641 Christimon
1450 1602 1555 1641 lauta
1569 1601 1715 1643 scilicet
1728 1617 1827 1644 con-

985 1653 1105 1699 uiuia,
1124 1667 1204 1693 non
1220 1654 1462 1708 sumptuosus
1477 1669 1685 1709 apparatus
1702 1687 1717 1704 ,
1745 1673 1829 1699 non

986 1704 1138 1748 blandae
1151 1709 1219 1749 vel
1233 1709 1460 1752 honorificae
1475 1711 1827 1759 salutationes‚n0n

987 1761 1138 1813 plausus
1152 1763 1525 1819 theatrici,pr0bum
1541 1764 1740 1821 fidumque
1755 1783 1828 1822 pa·-

986 1814 1129 1858 storem
1146 1818 1429 1863 oble6hantzsed
1441 1822 1595 1875 plenam
1620 1823 1752 1878 gaudii
1767 1825 1830 1865 sa-

986 1874 1164 1914 tietatem
1180 1889 1302 1928 capit,
1313 1891 1429 1931 quum
1445 1891 1490 1916 ex
1505 1892 1574 1918 ore
1588 1878 1689 1920 illius
1715 1894 1829 1919 reue-
1861 1888 1865 1893 '

987 1941 1121 1968 renter
1136 1933 1330 1984 excipitur
1346 1932 1474 1973 salutis
1486 1931 1664 1975 do&rina
1681 1950 1691 1973 z
1707 1948 1826 1988 quum

989 1981 1051 2022 sua
1088 1983 1145 2023 illi
1189 1986 1409 2028 authoritas
1435 1986 1586 2028 constat
1613 1992 1653 2029 in
1683 1992 1826 2030 Eccle-

988 2035 1047 2076 fiae
1087 2037 1385 2083 aedificationem
1409 2058 1418 2081 z
1447 2057 1563 2095 quum
1597 2046 1636 2084 in
1655 2047 1736 2085 eius
1761 2046 1828 2087 di-

989 2089 1191 2144 sciplinam
1223 2094 1259 2134 se
1284 2097 1404 2138 tradit
1438 2099 1606 2150 populus
1633 2130 1645 2146 ,
1675 2114 1719 2140 vt
1745 2104 1830 2142 eius

988 2145 1203 2189 ministerio
1252 2149 1318 2190 sub
1366 2151 1514 2194 Christi
1550 2155 1728 2199 auspiciis
1764 2171 1830 2197 re-

987 2212 1116 2256 gatur.
1132 2203 1245 2256 quale
1261 2203 1328 2246 hic
1341 2210 1534 2248 cernimus
1549 2210 1587 2248 in
1603 2211 1697 2250 Tito
1713 2226 1826 2252 exem

987 2255 1158 2307 plum.1n
1173 2259 1338 2302 clausula
1351 2262 1509 2303 tandem
1525 2268 1662 2304 iterum
1679 2267 1830 2308 confir..

988 2324 1072 2350 mat
1102 2314 1206 2366 quod
1227 2319 1332 2368 prius
1357 2318 1474 2364 dixit,
1489 2319 1526 2359 se
1550 2334 1745 2367 nunquam
1771 2327 1827 2364 ita

987 2362 1097 2406 fiiissc
1115 2369 1304 2411 offensum
1331 2401 1346 2421 ,
1376 2388 1420 2416 vt
1444 2374 1602 2428 prorsus
1629 2376 1832 2421 diffideret

989 2422 1245 2466 Corinthiiis.

801 2550 955 2591 CAP.
1015 2552 1174 2593 VIII.

100 2644 121 2681 ι
169 2630 268 2746 C
279 2627 510 2681 Ertiores
523 2643 695 2682 autem
711 2647 817 2700 vos·
820 2628 958 2696 facio
969 2628 1260 2700 fratres,de
1263 2639 1451 2712 gratia
1473 2639 1596 2702 Dei,
1615 2661 1713 2718 quae
1732 2640 1826 2700 da·

282 2724 340 2760 ta
364 2707 430 2779 est
444 2714 496 2763 in
513 2709 754 2784 Ecclefiis
770 2716 854 2767 M
855 2709 1093 2767 acedom'ae

163 2809 193 2841 2
258 2791 525 2873 Qniam
543 2798 594 2847 in
607 2795 771 2848 multa
782 2791 1080 2871 probatione
1094 2796 1387 2873 afflifz‘ionis
1416 2808 1832 2883 exuperauitgan

100 2867 241 2923 dium
257 2876 554 2950 ipsorum-&⁹
560 2875 814 2956 prqffimda
830 2880 1025 2932 illorum
1033 2896 1316 2961 paupertas
1331 2884 1611 2943 exundanti
1625 2890 1677 2945 in
1691 2889 1821 2946 dtus·

101 2957 208 3008 tias
209 2953 560 3034 fimplicitatis
573 2979 756 3013 eorum.

161 3056 191 3103 3
258 3041 334 3092 N
337 3057 420 3091 am
426 3056 520 3118 pro
547 3039 749 3098 viribus
768 3046 802 3114 (
814 3041 1011 3119 testor)
1031 3063 1188 3124 atque
1216 3049 1375 3105 etiam
1377 3051 1540 3132 ficpra
1557 3055 1698 3110 vires
1697 3050 1825 3128 fue·¹

100 3133 218 3177 runt
235 3123 519 3184 voluntarii
523 3165 535 3176 .

1951 178 1963 200 ἱ
