<?xml version="1.0" encoding="UTF-8"?>
<!DOCTYPE html PUBLIC "-//W3C//DTD XHTML 1.0 Transitional//EN"
    "http://www.w3.org/TR/xhtml1/DTD/xhtml1-transitional.dtd">
<html xmlns="http://www.w3.org/1999/xhtml" xml:lang="en" lang="en">
 <head>
  <title>
</title>
<meta http-equiv="Content-Type" content="text/html;charset=utf-8" />
  <meta name='ocr-system' content='tesseract 3.04.00' />
  <meta name='ocr-capabilities' content='ocr_page ocr_carea ocr_par ocr_line ocrx_word'/>
</head>
<body>
  <div class='ocr_page' id='page_1' title='image "./inomnespauliapos00calv_0964.png"; bbox 0 0 1980 3338; ppageno 0'>
   <div class='ocr_carea' id='block_1_1' title="bbox 145 61 986 1310">
    <p class='ocr_par' dir='ltr' id='par_1_1' title="bbox 224 61 272 92">
     <span class='ocr_line' id='line_1_1' title="bbox 224 61 272 92; baseline 0 0"><span class='ocrx_word' id='word_1_1' title='bbox 224 61 272 92; x_wconf 86' lang='lat'>10</span> 
     </span>
    </p>

    <p class='ocr_par' dir='ltr' id='par_1_2' title="bbox 145 64 986 1310">
     <span class='ocr_line' id='line_1_2' title="bbox 198 64 980 168; baseline -0.015 -15"><span class='ocrx_word' id='word_1_2' title='bbox 198 64 249 168; x_wconf 51' lang='grc' dir='ltr'>ἰ,</span> <span class='ocrx_word' id='word_1_3' title='bbox 304 104 762 163; x_wconf 68' lang='lat' dir='ltr'>Perfcc‘lorum&#39;wrb,·&amp;c.</span> <span class='ocrx_word' id='word_1_4' title='bbox 779 103 980 145; x_wconf 75' lang='lat' dir='ltr'>Perfectos</span> 
     </span>
     <span class='ocr_line' id='line_1_3' title="bbox 149 159 976 215; baseline -0.021 -3"><span class='ocrx_word' id='word_1_5' title='bbox 149 183 270 215; x_wconf 82' lang='lat' dir='ltr'>vocat</span> <span class='ocrx_word' id='word_1_6' title='bbox 278 168 443 209; x_wconf 81' lang='lat' dir='ltr'>adultos.</span> <span class='ocrx_word' id='word_1_7' title='bbox 458 176 546 203; x_wconf 87' lang='lat' dir='ltr'>nam</span> <span class='ocrx_word' id='word_1_8' title='bbox 560 159 774 201; x_wconf 81' lang='lat' dir='ltr'>infantibus</span> <span class='ocrx_word' id='word_1_9' title='bbox 791 161 976 211; x_wconf 88' lang='lat' dir='ltr'>opponit:</span> 
     </span>
     <span class='ocr_line' id='line_1_4' title="bbox 148 211 980 282; baseline -0.022 -15"><span class='ocrx_word' id='word_1_10' title='bbox 148 220 473 282; x_wconf 80' lang='lat' dir='ltr'>quemadmodum</span> <span class='ocrx_word' id='word_1_11' title='bbox 499 218 639 270; x_wconf 80' lang='lat' dir='ltr'>prioris</span> <span class='ocrx_word' id='word_1_12' title='bbox 667 213 719 254; x_wconf 89' lang='lat' dir='ltr'>ad</span> <span class='ocrx_word' id='word_1_13' title='bbox 745 211 980 254; x_wconf 79' lang='lat' dir='ltr'>Corinthios</span> 
     </span>
     <span class='ocr_line' id='line_1_5' title="bbox 147 266 980 334; baseline -0.022 -13"><span class='ocrx_word' id='word_1_14' title='bbox 147 283 277 334; x_wconf 82' lang='lat' dir='ltr'>capite</span> <span class='ocrx_word' id='word_1_15' title='bbox 294 282 352 316; x_wconf 87' lang='lat'>2.6</span> <span class='ocrx_word' id='word_1_16' title='bbox 372 304 386 321; x_wconf 92' lang='lat'><em>,</em></span> <span class='ocrx_word' id='word_1_17' title='bbox 405 278 443 314; x_wconf 72' lang='grc' dir='ltr'>ὅ(</span> <span class='ocrx_word' id='word_1_18' title='bbox 458 285 566 321; x_wconf 74' lang='grc' dir='ltr'><strong>14.ιο</strong></span> <span class='ocrx_word' id='word_1_19' title='bbox 584 273 702 308; x_wconf 87' lang='lat' dir='ltr'>:item</span> <span class='ocrx_word' id='word_1_20' title='bbox 725 267 774 307; x_wconf 84' lang='lat' dir='ltr'>ad</span> <span class='ocrx_word' id='word_1_21' title='bbox 787 266 980 319; x_wconf 71' lang='lat' dir='ltr'>Ephesios</span> 
     </span>
     <span class='ocr_line' id='line_1_6' title="bbox 148 319 979 386; baseline -0.017 -12"><span class='ocrx_word' id='word_1_22' title='bbox 148 347 326 386; x_wconf 76' lang='lat' dir='ltr'>cap-413·</span> <span class='ocrx_word' id='word_1_23' title='bbox 345 326 480 369; x_wconf 82' lang='lat' dir='ltr'>Media</span> <span class='ocrx_word' id='word_1_24' title='bbox 492 328 595 364; x_wconf 89' lang='lat' dir='ltr'>enim</span> <span class='ocrx_word' id='word_1_25' title='bbox 610 338 654 362; x_wconf 85' lang='lat' dir='ltr'>ac</span> <span class='ocrx_word' id='word_1_26' title='bbox 667 322 791 361; x_wconf 79' lang='lat' dir='ltr'>virilis</span> <span class='ocrx_word' id='word_1_27' title='bbox 807 334 913 365; x_wconf 78' lang='lat' dir='ltr'>aetas,</span> <span class='ocrx_word' id='word_1_28' title='bbox 926 319 979 360; x_wconf 86' lang='lat' dir='ltr'>est</span> 
     </span>
     <span class='ocr_line' id='line_1_7' title="bbox 150 374 978 443; baseline -0.017 -15"><span class='ocrx_word' id='word_1_29' title='bbox 150 386 256 443; x_wconf 83' lang='lat' dir='ltr'>quafi</span> <span class='ocrx_word' id='word_1_30' title='bbox 280 385 455 424; x_wconf 85' lang='lat' dir='ltr'>humanae</span> <span class='ocrx_word' id='word_1_31' title='bbox 471 383 558 419; x_wconf 83' lang='lat' dir='ltr'>vitae</span> <span class='ocrx_word' id='word_1_32' title='bbox 572 377 686 417; x_wconf 87' lang='lat' dir='ltr'>status</span> <span class='ocrx_word' id='word_1_33' title='bbox 707 392 716 414; x_wconf 71' lang='grc' dir='ltr'>ε</span> <span class='ocrx_word' id='word_1_34' title='bbox 734 375 797 414; x_wconf 76' lang='lat' dir='ltr'>sed</span> <span class='ocrx_word' id='word_1_35' title='bbox 813 374 978 430; x_wconf 70' lang='lat' dir='ltr'>figurate</span> 
     </span>
     <span class='ocr_line' id='line_1_8' title="bbox 148 430 979 486; baseline -0.018 -3"><span class='ocrx_word' id='word_1_36' title='bbox 148 446 257 483; x_wconf 85' lang='lat' dir='ltr'>viros</span> <span class='ocrx_word' id='word_1_37' title='bbox 271 443 309 477; x_wconf 89' lang='lat' dir='ltr'>in</span> <span class='ocrx_word' id='word_1_38' title='bbox 330 436 488 478; x_wconf 82' lang='lat' dir='ltr'>Christo</span> <span class='ocrx_word' id='word_1_39' title='bbox 501 433 674 486; x_wconf 83' lang='lat' dir='ltr'>appellat</span> <span class='ocrx_word' id='word_1_40' title='bbox 687 433 751 484; x_wconf 87' lang='lat' dir='ltr'>qui</span> <span class='ocrx_word' id='word_1_41' title='bbox 763 430 979 480; x_wconf 71' lang='lat' dir='ltr'>spirituales</span> 
     </span>
     <span class='ocr_line' id='line_1_9' title="bbox 147 482 980 537; baseline -0.016 0"><span class='ocrx_word' id='word_1_42' title='bbox 147 493 367 537; x_wconf 84' lang='lat' dir='ltr'>sunt.TaIes</span> <span class='ocrx_word' id='word_1_43' title='bbox 381 503 508 530; x_wconf 88' lang='lat' dir='ltr'>autem</span> <span class='ocrx_word' id='word_1_44' title='bbox 524 488 609 527; x_wconf 85' lang='lat' dir='ltr'>vult</span> <span class='ocrx_word' id='word_1_45' title='bbox 633 500 770 525; x_wconf 83' lang='lat' dir='ltr'>omnes</span> <span class='ocrx_word' id='word_1_46' title='bbox 785 482 980 525; x_wconf 84' lang='lat' dir='ltr'>Christia-</span> 
     </span>
     <span class='ocr_line' id='line_1_10' title="bbox 149 539 982 599; baseline -0.019 -7"><span class='ocrx_word' id='word_1_47' title='bbox 149 565 223 592; x_wconf 84' lang='lat' dir='ltr'>nos</span> <span class='ocrx_word' id='word_1_48' title='bbox 235 547 325 594; x_wconf 86' lang='lat' dir='ltr'>esse,</span> <span class='ocrx_word' id='word_1_49' title='bbox 341 547 405 599; x_wconf 83' lang='lat' dir='ltr'>qui</span> <span class='ocrx_word' id='word_1_50' title='bbox 421 542 596 582; x_wconf 88' lang='lat' dir='ltr'>habitum</span> <span class='ocrx_word' id='word_1_51' title='bbox 613 539 805 594; x_wconf 80' lang='lat' dir='ltr'>quendam</span> <span class='ocrx_word' id='word_1_52' title='bbox 822 553 866 578; x_wconf 86' lang='lat' dir='ltr'>ex</span> <span class='ocrx_word' id='word_1_53' title='bbox 881 553 982 578; x_wconf 84' lang='lat' dir='ltr'>con-</span> 
     </span>
     <span class='ocr_line' id='line_1_11' title="bbox 147 590 983 647; baseline -0.019 -1"><span class='ocrx_word' id='word_1_54' title='bbox 147 609 258 647; x_wconf 79' lang='lat' dir='ltr'>tinuo</span> <span class='ocrx_word' id='word_1_55' title='bbox 275 602 343 641; x_wconf 84' lang='lat' dir='ltr'>vsu</span> <span class='ocrx_word' id='word_1_56' title='bbox 359 599 628 639; x_wconf 77' lang='lat' dir='ltr'>contraxerint</span> <span class='ocrx_word' id='word_1_57' title='bbox 653 591 707 634; x_wconf 71' lang='lat' dir='ltr'>ad</span> <span class='ocrx_word' id='word_1_58' title='bbox 719 590 801 630; x_wconf 76' lang='lat' dir='ltr'>boni</span> <span class='ocrx_word' id='word_1_59' title='bbox 819 607 871 638; x_wconf 66' lang='lat'><em>&lt;⁷9-</em></span> <span class='ocrx_word' id='word_1_60' title='bbox 887 592 983 630; x_wconf 75' lang='lat' dir='ltr'>mali</span> 
     </span>
     <span class='ocr_line' id='line_1_12' title="bbox 148 649 982 709; baseline -0.011 -13"><span class='ocrx_word' id='word_1_61' title='bbox 148 658 417 709; x_wconf 73' lang='lat' dir='ltr'>dzftretioncm.</span> <span class='ocrx_word' id='word_1_62' title='bbox 450 654 593 700; x_wconf 83' lang='lat' dir='ltr'>Neque</span> <span class='ocrx_word' id='word_1_63' title='bbox 609 653 712 689; x_wconf 90' lang='lat' dir='ltr'>enim</span> <span class='ocrx_word' id='word_1_64' title='bbox 725 649 839 688; x_wconf 84' lang='lat' dir='ltr'>aliter</span> <span class='ocrx_word' id='word_1_65' title='bbox 857 651 897 708; x_wconf 71' lang='lat' dir='ltr'>in</span> <span class='ocrx_word' id='word_1_66' title='bbox 909 663 982 688; x_wconf 86' lang='lat' dir='ltr'>ve-</span> 
     </span>
     <span class='ocr_line' id='line_1_13' title="bbox 147 702 983 756; baseline -0.016 -1"><span class='ocrx_word' id='word_1_67' title='bbox 147 718 265 755; x_wconf 84' lang='lat' dir='ltr'>ritate</span> <span class='ocrx_word' id='word_1_68' title='bbox 294 714 368 750; x_wconf 90' lang='lat' dir='ltr'>rite</span> <span class='ocrx_word' id='word_1_69' title='bbox 394 707 515 746; x_wconf 77' lang='lat' dir='ltr'>sumus</span> <span class='ocrx_word' id='word_1_70' title='bbox 539 705 694 750; x_wconf 55' lang='lat' dir='ltr'>edoni,</span> <span class='ocrx_word' id='word_1_71' title='bbox 721 704 834 756; x_wconf 78' lang='lat' dir='ltr'>quam</span> <span class='ocrx_word' id='word_1_72' title='bbox 851 702 879 741; x_wconf 81' lang='lat' dir='ltr'>fi</span> <span class='ocrx_word' id='word_1_73' title='bbox 903 706 983 743; x_wconf 83' lang='lat' dir='ltr'>eius</span> 
     </span>
     <span class='ocr_line' id='line_1_14' title="bbox 145 758 984 823; baseline -0.014 -15"><span class='ocrx_word' id='word_1_74' title='bbox 145 766 321 823; x_wconf 80' lang='lat' dir='ltr'>praefidio</span> <span class='ocrx_word' id='word_1_75' title='bbox 362 763 579 801; x_wconf 80' lang='lat' dir='ltr'>muniamur</span> <span class='ocrx_word' id='word_1_76' title='bbox 616 758 794 800; x_wconf 82' lang='lat' dir='ltr'>aduersus</span> <span class='ocrx_word' id='word_1_77' title='bbox 836 760 984 797; x_wconf 82' lang='lat' dir='ltr'>Satanae</span> 
     </span>
     <span class='ocr_line' id='line_1_15' title="bbox 146 811 984 872; baseline -0.014 -8"><span class='ocrx_word' id='word_1_78' title='bbox 146 820 472 863; x_wconf 82' lang='lat' dir='ltr'>mendaciaNam</span> <span class='ocrx_word' id='word_1_79' title='bbox 486 814 626 856; x_wconf 83' lang='lat' dir='ltr'>&amp;ideo</span> <span class='ocrx_word' id='word_1_80' title='bbox 638 813 789 872; x_wconf 80' lang='lat' dir='ltr'>gladius</span> <span class='ocrx_word' id='word_1_81' title='bbox 803 811 984 864; x_wconf 81' lang='lat' dir='ltr'>spiritua-</span> 
     </span>
     <span class='ocr_line' id='line_1_16' title="bbox 146 866 984 919; baseline -0.017 0"><span class='ocrx_word' id='word_1_82' title='bbox 146 879 196 919; x_wconf 86' lang='lat' dir='ltr'>lis</span> <span class='ocrx_word' id='word_1_83' title='bbox 212 876 366 918; x_wconf 84' lang='lat' dir='ltr'>dicitur.</span> <span class='ocrx_word' id='word_1_84' title='bbox 401 876 437 912; x_wconf 72' lang='grc' dir='ltr'>ὅ(</span> <span class='ocrx_word' id='word_1_85' title='bbox 451 872 592 911; x_wconf 84' lang='lat' dir='ltr'>Paulus</span> <span class='ocrx_word' id='word_1_86' title='bbox 607 869 711 909; x_wconf 89' lang='lat' dir='ltr'>hunc</span> <span class='ocrx_word' id='word_1_87' title='bbox 726 868 821 907; x_wconf 82' lang='lat' dir='ltr'>sanae</span> <span class='ocrx_word' id='word_1_88' title='bbox 835 866 984 907; x_wconf 57' lang='lat' dir='ltr'>doetri-</span> 
     </span>
     <span class='ocr_line' id='line_1_17' title="bbox 146 924 984 979; baseline -0.014 -6"><span class='ocrx_word' id='word_1_89' title='bbox 146 945 208 973; x_wconf 76' lang='lat' dir='ltr'>nae</span> <span class='ocrx_word' id='word_1_90' title='bbox 223 932 333 972; x_wconf 85' lang='lat' dir='ltr'>vsum</span> <span class='ocrx_word' id='word_1_91' title='bbox 356 940 467 967; x_wconf 85' lang='lat' dir='ltr'>notat</span> <span class='ocrx_word' id='word_1_92' title='bbox 480 939 595 979; x_wconf 88' lang='lat' dir='ltr'>quum</span> <span class='ocrx_word' id='word_1_93' title='bbox 609 924 704 964; x_wconf 86' lang='lat' dir='ltr'>dicit</span> <span class='ocrx_word' id='word_1_94' title='bbox 719 952 732 969; x_wconf 89' lang='lat'>‚</span> <span class='ocrx_word' id='word_1_95' title='bbox 751 925 815 963; x_wconf 84' lang='lat' dir='ltr'>Ne</span> <span class='ocrx_word' id='word_1_96' title='bbox 831 924 984 962; x_wconf 88' lang='lat' dir='ltr'>circun-</span> 
     </span>
     <span class='ocr_line' id='line_1_18' title="bbox 147 978 984 1036; baseline -0.014 -8"><span class='ocrx_word' id='word_1_97' title='bbox 147 986 322 1027; x_wconf 87' lang='lat' dir='ltr'>feramur</span> <span class='ocrx_word' id='word_1_98' title='bbox 335 985 469 1036; x_wconf 83' lang='lat' dir='ltr'>quouis</span> <span class='ocrx_word' id='word_1_99' title='bbox 486 978 916 1031; x_wconf 85' lang='lat' dir='ltr'>vento,&amp;c.Eph.4.14.</span> <span class='ocrx_word' id='word_1_100' title='bbox 933 979 984 1016; x_wconf 83' lang='lat' dir='ltr'>Et</span> 
     </span>
     <span class='ocr_line' id='line_1_19' title="bbox 153 1034 982 1094; baseline -0.013 -11"><span class='ocrx_word' id='word_1_101' title='bbox 153 1042 241 1083; x_wconf 66' lang='lat' dir='ltr'>san&amp;</span> <span class='ocrx_word' id='word_1_102' title='bbox 263 1039 385 1094; x_wconf 81' lang='lat' dir='ltr'>qualis</span> <span class='ocrx_word' id='word_1_103' title='bbox 412 1039 485 1076; x_wconf 80' lang='lat' dir='ltr'>erit</span> <span class='ocrx_word' id='word_1_104' title='bbox 509 1035 604 1076; x_wconf 74' lang='lat' dir='ltr'>fides</span> <span class='ocrx_word' id='word_1_105' title='bbox 620 1034 647 1074; x_wconf 82' lang='lat' dir='ltr'>fi</span> <span class='ocrx_word' id='word_1_106' title='bbox 675 1036 777 1073; x_wconf 86' lang='lat' dir='ltr'>inter</span> <span class='ocrx_word' id='word_1_107' title='bbox 793 1047 926 1073; x_wconf 90' lang='lat' dir='ltr'>verum</span> <span class='ocrx_word' id='word_1_108' title='bbox 943 1036 982 1072; x_wconf 71' lang='grc' dir='ltr'>ὅ(</span> 
     </span>
     <span class='ocr_line' id='line_1_20' title="bbox 150 1087 986 1143; baseline -0.013 -7"><span class='ocrx_word' id='word_1_109' title='bbox 150 1096 290 1137; x_wconf 77' lang='lat' dir='ltr'>falsum</span> <span class='ocrx_word' id='word_1_110' title='bbox 316 1090 489 1143; x_wconf 86' lang='lat' dir='ltr'>suspensa</span> <span class='ocrx_word' id='word_1_111' title='bbox 514 1091 640 1130; x_wconf 58' lang='lat' dir='ltr'>nutet}</span> <span class='ocrx_word' id='word_1_112' title='bbox 667 1103 799 1128; x_wconf 83' lang='lat' dir='ltr'>annon</span> <span class='ocrx_word' id='word_1_113' title='bbox 827 1087 986 1143; x_wconf 72' lang='lat' dir='ltr'>singulis</span> 
     </span>
     <span class='ocr_line' id='line_1_21' title="bbox 153 1142 984 1197; baseline -0.014 -6"><span class='ocrx_word' id='word_1_114' title='bbox 153 1151 365 1191; x_wconf 78' lang='lat' dir='ltr'>momentis</span> <span class='ocrx_word' id='word_1_115' title='bbox 376 1145 600 1187; x_wconf 57' lang='lat' dir='ltr'>labefactari</span> <span class='ocrx_word' id='word_1_116' title='bbox 616 1142 871 1197; x_wconf 56' lang='lat' dir='ltr'>poterit&#39;eNec</span> <span class='ocrx_word' id='word_1_117' title='bbox 885 1157 984 1182; x_wconf 83' lang='lat' dir='ltr'>con-</span> 
     </span>
     <span class='ocr_line' id='line_1_22' title="bbox 151 1196 985 1247; baseline -0.016 0"><span class='ocrx_word' id='word_1_118' title='bbox 151 1219 282 1247; x_wconf 71' lang='lat' dir='ltr'>tentus</span> <span class='ocrx_word' id='word_1_119' title='bbox 299 1215 469 1242; x_wconf 83' lang='lat' dir='ltr'>mentem</span> <span class='ocrx_word' id='word_1_120' title='bbox 486 1216 568 1240; x_wconf 84' lang='lat' dir='ltr'>vno</span> <span class='ocrx_word' id='word_1_121' title='bbox 582 1198 707 1239; x_wconf 87' lang='lat' dir='ltr'>verbo</span> <span class='ocrx_word' id='word_1_122' title='bbox 719 1197 850 1236; x_wconf 84' lang='lat' dir='ltr'><strong>dicere</strong></span> <span class='ocrx_word' id='word_1_123' title='bbox 867 1225 881 1243; x_wconf 87' lang='lat'><em>,</em></span> <span class='ocrx_word' id='word_1_124' title='bbox 899 1196 985 1236; x_wconf 83' lang='lat' dir='ltr'>sen-</span> 
     </span>
     <span class='ocr_line' id='line_1_23' title="bbox 154 1251 984 1310; baseline -0.014 -8"><span class='ocrx_word' id='word_1_125' title='bbox 154 1261 214 1302; x_wconf 86' lang='lat' dir='ltr'>sus</span> <span class='ocrx_word' id='word_1_126' title='bbox 228 1273 363 1302; x_wconf 85' lang='lat' dir='ltr'>omnes</span> <span class='ocrx_word' id='word_1_127' title='bbox 380 1259 494 1310; x_wconf 83' lang='lat' dir='ltr'>ponit</span> <span class='ocrx_word' id='word_1_128' title='bbox 512 1283 525 1302; x_wconf 89' lang='lat'><em>,</em></span> <span class='ocrx_word' id='word_1_129' title='bbox 539 1267 584 1295; x_wconf 89' lang='lat' dir='ltr'>vt</span> <span class='ocrx_word' id='word_1_130' title='bbox 598 1251 774 1294; x_wconf 83' lang='lat' dir='ltr'>ostendat</span> <span class='ocrx_word' id='word_1_131' title='bbox 784 1265 984 1305; x_wconf 81' lang='lat' dir='ltr'>nunquam</span> 
     </span>
    </p>
   </div>
   <div class='ocr_carea' id='block_1_2' title="bbox 686 27 1282 82">
    <p class='ocr_par' dir='ltr' id='par_1_3' title="bbox 686 27 1282 82">
     <span class='ocr_line' id='line_1_24' title="bbox 686 27 1282 82; baseline -0.008 0"><span class='ocrx_word' id='word_1_132' title='bbox 686 27 763 82; x_wconf 77' lang='grc' dir='ltr'>ΙΝ</span> <span class='ocrx_word' id='word_1_133' title='bbox 814 32 1282 79; x_wconf 77' lang='lat' dir='ltr'>EPIsToLAM&#39;</span> 
     </span>
    </p>
   </div>
   <div class='ocr_carea' id='block_1_3' title="bbox 1035 96 1925 1306">
    <p class='ocr_par' dir='ltr' id='par_1_4' title="bbox 1035 96 1925 210">
     <span class='ocr_line' id='line_1_25' title="bbox 1039 96 1925 154; baseline -0.001 -11"><span class='ocrx_word' id='word_1_134' title='bbox 1039 101 1217 143; x_wconf 74' lang='lat' dir='ltr'>cess‘andfi</span> <span class='ocrx_word' id='word_1_135' title='bbox 1229 99 1321 147; x_wconf 77' lang='lat' dir='ltr'>effe,</span> <span class='ocrx_word' id='word_1_136' title='bbox 1332 99 1462 141; x_wconf 88' lang='lat' dir='ltr'>donec</span> <span class='ocrx_word' id='word_1_137' title='bbox 1473 96 1648 154; x_wconf 78' lang='lat' dir='ltr'>vndique</span> <span class='ocrx_word' id='word_1_138' title='bbox 1657 97 1783 141; x_wconf 80' lang='lat' dir='ltr'>verbo</span> <span class='ocrx_word' id='word_1_139' title='bbox 1795 100 1879 144; x_wconf 79' lang='lat' dir='ltr'>Dei</span> <span class='ocrx_word' id='word_1_140' title='bbox 1922 118 1925 119; x_wconf 41' lang='lat'><em>⁷</em></span> 
     </span>
     <span class='ocr_line' id='line_1_26' title="bbox 1035 153 1886 210; baseline -0.001 -13"><span class='ocrx_word' id='word_1_141' title='bbox 1035 155 1207 197; x_wconf 70' lang='grc' dir='ltr'>ιἠίὶωᾶι</span> <span class='ocrx_word' id='word_1_142' title='bbox 1229 156 1448 207; x_wconf 80' lang='lat' dir='ltr'>armatique</span> <span class='ocrx_word' id='word_1_143' title='bbox 1471 153 1522 195; x_wconf 78' lang='lat' dir='ltr'>ad</span> <span class='ocrx_word' id='word_1_144' title='bbox 1543 165 1716 210; x_wconf 82' lang='lat' dir='ltr'>pugnam</span> <span class='ocrx_word' id='word_1_145' title='bbox 1741 154 1886 203; x_wconf 50' lang='lat' dir='ltr'>fimusf</span> 
     </span>
    </p>

    <p class='ocr_par' dir='ltr' id='par_1_5' title="bbox 1035 207 1919 1306">
     <span class='ocr_line' id='line_1_27' title="bbox 1038 207 1909 264; baseline -0.001 -13"><span class='ocrx_word' id='word_1_146' title='bbox 1038 226 1087 251; x_wconf 89' lang='lat' dir='ltr'>ne</span> <span class='ocrx_word' id='word_1_147' title='bbox 1101 210 1175 264; x_wconf 67' lang='lat' dir='ltr'>quel</span> <span class='ocrx_word' id='word_1_148' title='bbox 1193 209 1266 249; x_wconf 85' lang='lat' dir='ltr'>suis</span> <span class='ocrx_word' id='word_1_149' title='bbox 1283 207 1450 250; x_wconf 81' lang='lat' dir='ltr'>fallaciis</span> <span class='ocrx_word' id='word_1_150' title='bbox 1466 211 1584 249; x_wconf 85' lang='lat' dir='ltr'>Satan</span> <span class='ocrx_word' id='word_1_151' title='bbox 1598 207 1778 262; x_wconf 83' lang='lat' dir='ltr'>obrepat.</span> <span class='ocrx_word' id='word_1_152' title='bbox 1795 210 1878 250; x_wconf 80' lang='lat' dir='ltr'>At·-</span> <span class='ocrx_word' id='word_1_153' title='bbox 1906 228 1909 230; x_wconf 53' lang='grc'>’</span> 
     </span>
     <span class='ocr_line' id='line_1_28' title="bbox 1036 260 1874 318; baseline -0.001 -13"><span class='ocrx_word' id='word_1_154' title='bbox 1036 279 1112 318; x_wconf 89' lang='lat' dir='ltr'>que</span> <span class='ocrx_word' id='word_1_155' title='bbox 1125 265 1219 304; x_wconf 81' lang='lat' dir='ltr'>hinc</span> <span class='ocrx_word' id='word_1_156' title='bbox 1233 276 1397 318; x_wconf 84' lang='lat' dir='ltr'>apparet</span> <span class='ocrx_word' id='word_1_157' title='bbox 1411 263 1535 316; x_wconf 83' lang='lat' dir='ltr'>qualis</span> <span class='ocrx_word' id='word_1_158' title='bbox 1558 260 1607 303; x_wconf 85' lang='lat' dir='ltr'>fit</span> <span class='ocrx_word' id='word_1_159' title='bbox 1620 261 1874 304; x_wconf 85' lang='lat' dir='ltr'>Christianis-</span> 
     </span>
     <span class='ocr_line' id='line_1_29' title="bbox 1039 316 1872 372; baseline 0.001 -15"><span class='ocrx_word' id='word_1_160' title='bbox 1039 332 1123 358; x_wconf 90' lang='lat' dir='ltr'>mus</span> <span class='ocrx_word' id='word_1_161' title='bbox 1138 321 1178 358; x_wconf 86' lang='lat' dir='ltr'>in</span> <span class='ocrx_word' id='word_1_162' title='bbox 1196 319 1362 372; x_wconf 75' lang='lat' dir='ltr'>papatu,</span> <span class='ocrx_word' id='word_1_163' title='bbox 1376 317 1447 359; x_wconf 88' lang='lat' dir='ltr'>vbi</span> <span class='ocrx_word' id='word_1_164' title='bbox 1458 332 1540 358; x_wconf 88' lang='lat' dir='ltr'>non</span> <span class='ocrx_word' id='word_1_165' title='bbox 1552 316 1704 356; x_wconf 74' lang='lat' dir='ltr'>tantum</span> <span class='ocrx_word' id='word_1_166' title='bbox 1718 317 1872 372; x_wconf 66' lang='lat' dir='ltr'>simpli-</span> 
     </span>
     <span class='ocr_line' id='line_1_30' title="bbox 1035 370 1876 414; baseline 0 -1"><span class='ocrx_word' id='word_1_167' title='bbox 1035 375 1164 414; x_wconf 83' lang='lat' dir='ltr'>citatis</span> <span class='ocrx_word' id='word_1_168' title='bbox 1187 377 1348 414; x_wconf 84' lang='lat' dir='ltr'>nomine</span> <span class='ocrx_word' id='word_1_169' title='bbox 1373 370 1675 414; x_wconf 85' lang='lat' dir='ltr'>commendatur</span> <span class='ocrx_word' id='word_1_170' title='bbox 1687 372 1876 413; x_wconf 75' lang='lat' dir='ltr'>crassissi-</span> 
     </span>
     <span class='ocr_line' id='line_1_31' title="bbox 1038 425 1873 484; baseline 0.001 -17"><span class='ocrx_word' id='word_1_171' title='bbox 1038 442 1101 469; x_wconf 84' lang='lat' dir='ltr'>ma</span> <span class='ocrx_word' id='word_1_172' title='bbox 1116 431 1341 483; x_wconf 79' lang='lat' dir='ltr'>ignorantia</span> <span class='ocrx_word' id='word_1_173' title='bbox 1356 445 1365 467; x_wconf 73' lang='grc' dir='ltr'>ε</span> <span class='ocrx_word' id='word_1_174' title='bbox 1383 428 1446 468; x_wconf 85' lang='lat' dir='ltr'>sed</span> <span class='ocrx_word' id='word_1_175' title='bbox 1460 427 1480 467; x_wconf 68' lang='lat' dir='ltr'>a</span> <span class='ocrx_word' id='word_1_176' title='bbox 1494 425 1625 469; x_wconf 84' lang='lat' dir='ltr'>solidae</span> <span class='ocrx_word' id='word_1_177' title='bbox 1638 428 1873 484; x_wconf 83' lang='lat' dir='ltr'>intelligen-</span> 
     </span>
     <span class='ocr_line' id='line_1_32' title="bbox 1035 482 1873 537; baseline 0 -15"><span class='ocrx_word' id='word_1_178' title='bbox 1035 486 1097 522; x_wconf 85' lang='lat' dir='ltr'>tiae</span> <span class='ocrx_word' id='word_1_179' title='bbox 1116 483 1238 523; x_wconf 76' lang='lat' dir='ltr'>studio</span> <span class='ocrx_word' id='word_1_180' title='bbox 1268 484 1433 537; x_wconf 87' lang='lat' dir='ltr'>populus</span> <span class='ocrx_word' id='word_1_181' title='bbox 1456 482 1690 524; x_wconf 77' lang='lat' dir='ltr'>seuerissime</span> <span class='ocrx_word' id='word_1_182' title='bbox 1703 496 1873 523; x_wconf 85' lang='lat' dir='ltr'>arcetur.</span> 
     </span>
     <span class='ocr_line' id='line_1_33' title="bbox 1035 535 1874 592; baseline 0.001 -15"><span class='ocrx_word' id='word_1_183' title='bbox 1035 537 1212 579; x_wconf 80' lang='lat' dir='ltr'>Iudicate</span> <span class='ocrx_word' id='word_1_184' title='bbox 1226 542 1642 592; x_wconf 82' lang='lat' dir='ltr'>inquam,promptum</span> <span class='ocrx_word' id='word_1_185' title='bbox 1657 535 1712 577; x_wconf 82' lang='lat' dir='ltr'>est</span> <span class='ocrx_word' id='word_1_186' title='bbox 1725 543 1803 591; x_wconf 83' lang='lat' dir='ltr'>quo</span> <span class='ocrx_word' id='word_1_187' title='bbox 1818 537 1874 592; x_wconf 82' lang='lat' dir='ltr'>spi</span> 
     </span>
     <span class='ocr_line' id='line_1_34' title="bbox 1037 594 1878 650; baseline 0 -18"><span class='ocrx_word' id='word_1_188' title='bbox 1037 596 1114 633; x_wconf 87' lang='lat' dir='ltr'>ritu</span> <span class='ocrx_word' id='word_1_189' title='bbox 1127 605 1293 649; x_wconf 86' lang='lat' dir='ltr'>agantur</span> <span class='ocrx_word' id='word_1_190' title='bbox 1307 598 1371 647; x_wconf 87' lang='lat' dir='ltr'>qui</span> <span class='ocrx_word' id='word_1_191' title='bbox 1398 597 1463 634; x_wconf 85' lang='lat' dir='ltr'>vix</span> <span class='ocrx_word' id='word_1_192' title='bbox 1479 595 1680 650; x_wconf 83' lang='lat' dir='ltr'>attingere</span> <span class='ocrx_word' id='word_1_193' title='bbox 1710 594 1878 645; x_wconf 86' lang='lat' dir='ltr'>permit-</span> 
     </span>
     <span class='ocr_line' id='line_1_35' title="bbox 1038 646 1877 700; baseline -0.001 -13"><span class='ocrx_word' id='word_1_194' title='bbox 1038 660 1126 688; x_wconf 85' lang='lat' dir='ltr'>tunt</span> <span class='ocrx_word' id='word_1_195' title='bbox 1139 647 1243 699; x_wconf 85' lang='lat' dir='ltr'>quod</span> <span class='ocrx_word' id='word_1_196' title='bbox 1270 647 1413 689; x_wconf 65' lang='lat' dir='ltr'>assidue</span> <span class='ocrx_word' id='word_1_197' title='bbox 1430 651 1585 689; x_wconf 60' lang='lat' dir='ltr'>tractari</span> <span class='ocrx_word' id='word_1_198' title='bbox 1618 649 1800 700; x_wconf 70' lang='lat' dir='ltr'>praecipit</span> <span class='ocrx_word' id='word_1_199' title='bbox 1817 646 1877 686; x_wconf 83' lang='lat' dir='ltr'>A-</span> 
     </span>
     <span class='ocr_line' id='line_1_36' title="bbox 1040 702 1878 756; baseline 0.001 -14"><span class='ocrx_word' id='word_1_200' title='bbox 1040 702 1211 755; x_wconf 83' lang='lat' dir='ltr'>postolus</span> <span class='ocrx_word' id='word_1_201' title='bbox 1229 718 1237 740; x_wconf 74' lang='grc' dir='ltr'>ε</span> <span class='ocrx_word' id='word_1_202' title='bbox 1258 706 1323 756; x_wconf 89' lang='lat' dir='ltr'>qui</span> <span class='ocrx_word' id='word_1_203' title='bbox 1340 703 1576 745; x_wconf 65' lang='lat' dir='ltr'>laudabilem</span> <span class='ocrx_word' id='word_1_204' title='bbox 1593 705 1783 743; x_wconf 85' lang='lat' dir='ltr'>incuriam</span> <span class='ocrx_word' id='word_1_205' title='bbox 1803 702 1878 743; x_wconf 77' lang='lat' dir='ltr'>esse</span> 
     </span>
     <span class='ocr_line' id='line_1_37' title="bbox 1041 756 1877 814; baseline 0 -18"><span class='ocrx_word' id='word_1_206' title='bbox 1041 758 1198 814; x_wconf 81' lang='lat' dir='ltr'>fingunt</span> <span class='ocrx_word' id='word_1_207' title='bbox 1212 772 1328 810; x_wconf 86' lang='lat' dir='ltr'>quam</span> <span class='ocrx_word' id='word_1_208' title='bbox 1347 758 1416 799; x_wconf 63' lang='lat' dir='ltr'>hic</span> <span class='ocrx_word' id='word_1_209' title='bbox 1432 772 1642 813; x_wconf 72' lang='lat' dir='ltr'>tantopere</span> <span class='ocrx_word' id='word_1_210' title='bbox 1656 756 1877 810; x_wconf 85' lang='lat' dir='ltr'>reprehen-</span> 
     </span>
     <span class='ocr_line' id='line_1_38' title="bbox 1041 811 1877 866; baseline 0.001 -14"><span class='ocrx_word' id='word_1_211' title='bbox 1041 811 1183 866; x_wconf 77' lang='lat' dir='ltr'>ditzqui</span> <span class='ocrx_word' id='word_1_212' title='bbox 1196 812 1358 852; x_wconf 86' lang='lat' dir='ltr'>verbum</span> <span class='ocrx_word' id='word_1_213' title='bbox 1372 815 1454 853; x_wconf 76' lang='lat' dir='ltr'>Dei</span> <span class='ocrx_word' id='word_1_214' title='bbox 1465 817 1623 855; x_wconf 84' lang='lat' dir='ltr'>vnicam</span> <span class='ocrx_word' id='word_1_215' title='bbox 1636 814 1737 854; x_wconf 67' lang='lat' dir='ltr'>redte</span> <span class='ocrx_word' id='word_1_216' title='bbox 1750 811 1877 853; x_wconf 74' lang='lat' dir='ltr'>discet·</span> 
     </span>
     <span class='ocr_line' id='line_1_39' title="bbox 1042 867 1876 922; baseline 0.002 -16"><span class='ocrx_word' id='word_1_217' title='bbox 1042 869 1162 914; x_wconf 76' lang='lat' dir='ltr'>nendi</span> <span class='ocrx_word' id='word_1_218' title='bbox 1177 870 1351 922; x_wconf 85' lang='lat' dir='ltr'>regulam</span> <span class='ocrx_word' id='word_1_219' title='bbox 1367 869 1530 915; x_wconf 84' lang='lat' dir='ltr'>tollunt,</span> <span class='ocrx_word' id='word_1_220' title='bbox 1542 882 1659 922; x_wconf 91' lang='lat' dir='ltr'>quum</span> <span class='ocrx_word' id='word_1_221' title='bbox 1672 867 1740 908; x_wconf 76' lang='lat' dir='ltr'>hi&#39;c</span> <span class='ocrx_word' id='word_1_222' title='bbox 1752 867 1876 908; x_wconf 76' lang='lat' dir='ltr'>disere</span> 
     </span>
     <span class='ocr_line' id='line_1_40' title="bbox 1041 921 1875 975; baseline 0.002 -14"><span class='ocrx_word' id='word_1_223' title='bbox 1041 924 1191 963; x_wconf 86' lang='lat' dir='ltr'>tionem</span> <span class='ocrx_word' id='word_1_224' title='bbox 1216 922 1417 975; x_wconf 67' lang='lat' dir='ltr'>pronutiet</span> <span class='ocrx_word' id='word_1_225' title='bbox 1433 926 1469 964; x_wconf 91' lang='lat' dir='ltr'>C</span> <span class='ocrx_word' id='word_1_226' title='bbox 1474 922 1667 971; x_wconf 65' lang='lat' dir='ltr'>hristianis</span> <span class='ocrx_word' id='word_1_227' title='bbox 1692 921 1875 963; x_wconf 77' lang='lat' dir='ltr'>omnibus</span> 
     </span>
     <span class='ocr_line' id='line_1_41' title="bbox 1041 974 1919 1032; baseline 0.002 -17"><span class='ocrx_word' id='word_1_228' title='bbox 1041 977 1117 1019; x_wconf 79' lang='lat' dir='ltr'>effe</span> <span class='ocrx_word' id='word_1_229' title='bbox 1129 977 1497 1032; x_wconf 71' lang='lat' dir='ltr'>necessariam.apud</span> <span class='ocrx_word' id='word_1_230' title='bbox 1513 991 1610 1030; x_wconf 86' lang='lat' dir='ltr'>quos</span> <span class='ocrx_word' id='word_1_231' title='bbox 1621 974 1721 1016; x_wconf 71' lang='lat' dir='ltr'>vero</span> <span class='ocrx_word' id='word_1_232' title='bbox 1738 976 1880 1017; x_wconf 83' lang='lat' dir='ltr'>diabo-</span> <span class='ocrx_word' id='word_1_233' title='bbox 1916 982 1919 984; x_wconf 76' lang='grc'><strong>’</strong></span> 
     </span>
     <span class='ocr_line' id='line_1_42' title="bbox 1041 1029 1878 1088; baseline 0.001 -17"><span class='ocrx_word' id='word_1_234' title='bbox 1041 1033 1114 1073; x_wconf 84' lang='lat' dir='ltr'>lica</span> <span class='ocrx_word' id='word_1_235' title='bbox 1131 1035 1198 1074; x_wconf 83' lang='lat' dir='ltr'>illa</span> <span class='ocrx_word' id='word_1_236' title='bbox 1214 1034 1486 1086; x_wconf 80' lang='lat' dir='ltr'>prohibitione</span> <span class='ocrx_word' id='word_1_237' title='bbox 1497 1033 1689 1088; x_wconf 78' lang='lat' dir='ltr'>abrogata</span> <span class='ocrx_word' id='word_1_238' title='bbox 1705 1029 1878 1072; x_wconf 79' lang='lat' dir='ltr'>discendi</span> 
     </span>
     <span class='ocr_line' id='line_1_43' title="bbox 1042 1084 1880 1145; baseline -0.001 -18"><span class='ocrx_word' id='word_1_239' title='bbox 1042 1091 1155 1145; x_wconf 85' lang='lat' dir='ltr'>viget</span> <span class='ocrx_word' id='word_1_240' title='bbox 1171 1088 1431 1135; x_wconf 57' lang='lat' dir='ltr'>libert-amam</span> <span class='ocrx_word' id='word_1_241' title='bbox 1447 1085 1615 1128; x_wconf 64' lang='lat' dir='ltr'>audiedo</span> <span class='ocrx_word' id='word_1_242' title='bbox 1629 1084 1742 1139; x_wconf 71' lang='lat' dir='ltr'>quam</span> <span class='ocrx_word' id='word_1_243' title='bbox 1760 1085 1880 1142; x_wconf 79' lang='lat' dir='ltr'>legen</span> 
     </span>
     <span class='ocr_line' id='line_1_44' title="bbox 1041 1142 1880 1196; baseline -0.002 -14"><span class='ocrx_word' id='word_1_244' title='bbox 1041 1142 1093 1182; x_wconf 91' lang='lat' dir='ltr'>do</span> <span class='ocrx_word' id='word_1_245' title='bbox 1110 1144 1372 1184; x_wconf 67' lang='lat' dir='ltr'>nihilominus:</span> <span class='ocrx_word' id='word_1_246' title='bbox 1384 1143 1436 1184; x_wconf 87' lang='lat' dir='ltr'>est</span> <span class='ocrx_word' id='word_1_247' title='bbox 1451 1147 1637 1196; x_wconf 81' lang='lat' dir='ltr'>torporis.</span> <span class='ocrx_word' id='word_1_248' title='bbox 1651 1144 1711 1181; x_wconf 86' lang='lat' dir='ltr'>Ita</span> <span class='ocrx_word' id='word_1_249' title='bbox 1726 1143 1880 1180; x_wconf 85' lang='lat' dir='ltr'>exerci-</span> 
     </span>
     <span class='ocr_line' id='line_1_45' title="bbox 1040 1193 1878 1252; baseline -0.001 -15"><span class='ocrx_word' id='word_1_250' title='bbox 1040 1201 1203 1237; x_wconf 84' lang='lat' dir='ltr'>tationis</span> <span class='ocrx_word' id='word_1_251' title='bbox 1215 1212 1392 1251; x_wconf 78' lang='lat' dir='ltr'>expertes</span> <span class='ocrx_word' id='word_1_252' title='bbox 1405 1228 1418 1246; x_wconf 95' lang='lat'><em>‚</em></span> <span class='ocrx_word' id='word_1_253' title='bbox 1433 1198 1574 1252; x_wconf 81' lang='lat' dir='ltr'>stupidi</span> <span class='ocrx_word' id='word_1_254' title='bbox 1587 1197 1728 1242; x_wconf 87' lang='lat' dir='ltr'>sumus,</span> <span class='ocrx_word' id='word_1_255' title='bbox 1744 1193 1878 1237; x_wconf 73' lang='lat' dir='ltr'>omni-</span> 
     </span>
     <span class='ocr_line' id='line_1_46' title="bbox 1042 1253 1419 1306; baseline 0.011 -16"><span class='ocrx_word' id='word_1_256' title='bbox 1042 1265 1118 1306; x_wconf 85' lang='lat' dir='ltr'>que</span> <span class='ocrx_word' id='word_1_257' title='bbox 1131 1253 1276 1294; x_wconf 80' lang='lat' dir='ltr'>iudicio</span> <span class='ocrx_word' id='word_1_258' title='bbox 1294 1258 1419 1296; x_wconf 82' lang='lat' dir='ltr'>vacui.</span> 
     </span>
    </p>
   </div>
   <div class='ocr_carea' id='block_1_4' title="bbox 870 1359 1168 1401">
    <p class='ocr_par' dir='ltr' id='par_1_6' title="bbox 870 1359 1168 1401">
     <span class='ocr_line' id='line_1_47' title="bbox 870 1359 1168 1401; baseline -0.007 0"><span class='ocrx_word' id='word_1_259' title='bbox 870 1359 1020 1401; x_wconf 79' lang='lat' dir='ltr'><strong>CAP.</strong></span> <span class='ocrx_word' id='word_1_260' title='bbox 1079 1361 1168 1401; x_wconf 85' lang='lat' dir='ltr'>VI.</span> 
     </span>
    </p>
   </div>
   <div class='ocr_carea' id='block_1_5' title="bbox 59 1459 355 1601">
    <p class='ocr_par' dir='ltr' id='par_1_7' title="bbox 59 1459 355 1601">
     <span class='ocr_line' id='line_1_48' title="bbox 59 1459 355 1601; baseline -0.01 -100"><span class='ocrx_word' id='word_1_261' title='bbox 59 1459 355 1601; x_wconf 56' lang='lat' dir='ltr'>„Q</span> 
     </span>
    </p>
   </div>
   <div class='ocr_carea' id='block_1_6' title="bbox 367 1423 1884 1589">
    <p class='ocr_par' dir='ltr' id='par_1_8' title="bbox 367 1423 1884 1589">
     <span class='ocr_line' id='line_1_49' title="bbox 367 1423 1884 1509; baseline -0.006 -20"><span class='ocrx_word' id='word_1_262' title='bbox 367 1437 511 1494; x_wconf 73' lang='lat' dir='ltr'>Vare</span> <span class='ocrx_word' id='word_1_263' title='bbox 527 1429 923 1504; x_wconf 70' lang='lat' dir='ltr'>omiffbst’rmone</span> <span class='ocrx_word' id='word_1_264' title='bbox 938 1431 1183 1509; x_wconf 67' lang='lat' dir='ltr'>principii</span> <span class='ocrx_word' id='word_1_265' title='bbox 1201 1424 1389 1496; x_wconf 52' lang='lat' dir='ltr'>Christi</span> <span class='ocrx_word' id='word_1_266' title='bbox 1402 1464 1418 1487; x_wconf 79' lang='lat'><em>,</em></span> <span class='ocrx_word' id='word_1_267' title='bbox 1433 1423 1511 1480; x_wconf 52' lang='lat' dir='ltr'>ad*</span> <span class='ocrx_word' id='word_1_268' title='bbox 1522 1425 1884 1505; x_wconf 56' lang='lat' dir='ltr'>peffefflionem</span> 
     </span>
     <span class='ocr_line' id='line_1_50' title="bbox 391 1507 1883 1589; baseline -0.007 -18"><span class='ocrx_word' id='word_1_269' title='bbox 391 1535 603 1575; x_wconf 72' lang='lat' dir='ltr'>eramm,</span> <span class='ocrx_word' id='word_1_270' title='bbox 627 1535 721 1569; x_wconf 79' lang='lat' dir='ltr'>non</span> <span class='ocrx_word' id='word_1_271' title='bbox 733 1515 975 1566; x_wconf 67' lang='lat' dir='ltr'>iacientes</span> <span class='ocrx_word' id='word_1_272' title='bbox 987 1514 1184 1583; x_wconf 70' lang='lat' dir='ltr'>rursum</span> <span class='ocrx_word' id='word_1_273' title='bbox 1183 1507 1576 1584; x_wconf 70' lang='lat' dir='ltr'>fundamentum</span> <span class='ocrx_word' id='word_1_274' title='bbox 1581 1512 1883 1589; x_wconf 64' lang='lat' dir='ltr'>poenitentiae</span> 
     </span>
    </p>
   </div>
   <div class='ocr_carea' id='block_1_7' title="bbox 114 1591 1878 1840">
    <p class='ocr_par' dir='ltr' id='par_1_9' title="bbox 114 1591 1878 1840">
     <span class='ocr_line' id='line_1_51' title="bbox 114 1591 1181 1681; baseline -0.011 -23"><span class='ocrx_word' id='word_1_275' title='bbox 114 1657 130 1669; x_wconf 74' lang='lat'>‚</span> <span class='ocrx_word' id='word_1_276' title='bbox 155 1599 227 1661; x_wconf 53' lang='lat' dir='ltr'>*ab</span> <span class='ocrx_word' id='word_1_277' title='bbox 243 1598 467 1681; x_wconf 78' lang='lat' dir='ltr'>operibus</span> <span class='ocrx_word' id='word_1_278' title='bbox 480 1601 690 1652; x_wconf 77' lang='lat' dir='ltr'>mortuis</span> <span class='ocrx_word' id='word_1_279' title='bbox 705 1601 767 1659; x_wconf 52' lang='grc' dir='ltr'><strong><em>ὠ</em></strong></span> <span class='ocrx_word' id='word_1_280' title='bbox 780 1591 910 1668; x_wconf 71' lang='lat' dir='ltr'>fidei</span> <span class='ocrx_word' id='word_1_281' title='bbox 922 1602 973 1647; x_wconf 74' lang='lat' dir='ltr'>in</span> <span class='ocrx_word' id='word_1_282' title='bbox 992 1596 1181 1653; x_wconf 77' lang='lat' dir='ltr'>Deum,</span> 
     </span>
     <span class='ocr_line' id='line_1_52' title="bbox 212 1673 1878 1761; baseline -0.007 -23"><span class='ocrx_word' id='word_1_283' title='bbox 212 1704 243 1738; x_wconf 85' lang='lat'><em>2</em></span> <span class='ocrx_word' id='word_1_284' title='bbox 315 1680 730 1761; x_wconf 69' lang='lat' dir='ltr'>(Baptismasum</span> <span class='ocrx_word' id='word_1_285' title='bbox 743 1676 967 1731; x_wconf 57' lang='lat' dir='ltr'>dofflrinae</span> <span class='ocrx_word' id='word_1_286' title='bbox 984 1716 998 1735; x_wconf 85' lang='lat'><em>,</em></span> <span class='ocrx_word' id='word_1_287' title='bbox 1028 1681 1081 1715; x_wconf 33' lang='grc' dir='ltr'>Ἀ</span> <span class='ocrx_word' id='word_1_288' title='bbox 1094 1679 1195 1754; x_wconf 81' lang='lat' dir='ltr'>imp</span> <span class='ocrx_word' id='word_1_289' title='bbox 1202 1673 1415 1749; x_wconf 78' lang='lat' dir='ltr'>osttiom&#39;s</span> <span class='ocrx_word' id='word_1_290' title='bbox 1428 1675 1695 1741; x_wconf 76' lang='lat' dir='ltr'>manuum)</span> <span class='ocrx_word' id='word_1_291' title='bbox 1721 1677 1783 1736; x_wconf 54' lang='grc' dir='ltr'>«ᾖν</span> <span class='ocrx_word' id='word_1_292' title='bbox 1799 1693 1878 1727; x_wconf 88' lang='lat' dir='ltr'>re-</span> 
     </span>
     <span class='ocr_line' id='line_1_53' title="bbox 144 1756 1246 1840; baseline -0.012 -17"><span class='ocrx_word' id='word_1_293' title='bbox 144 1765 467 1840; x_wconf 56' lang='lat' dir='ltr'>fhrressiom&#39;s</span> <span class='ocrx_word' id='word_1_294' title='bbox 480 1778 795 1819; x_wconf 79' lang='lat' dir='ltr'>mortuorum,</span> <span class='ocrx_word' id='word_1_295' title='bbox 802 1764 863 1823; x_wconf 54' lang='grc' dir='ltr'>,ἐν</span> <span class='ocrx_word' id='word_1_296' title='bbox 878 1756 1056 1834; x_wconf 53' lang='lat' dir='ltr'>iudicii</span> <span class='ocrx_word' id='word_1_297' title='bbox 1067 1759 1246 1811; x_wconf 61' lang='lat' dir='ltr'>aeterni.</span> 
     </span>
    </p>
   </div>
   <div class='ocr_carea' id='block_1_8' title="bbox 156 1857 997 3124">
    <p class='ocr_par' dir='ltr' id='par_1_10' title="bbox 156 1857 997 3124">
     <span class='ocr_line' id='line_1_54' title="bbox 216 1857 988 1913; baseline -0.014 -7"><span class='ocrx_word' id='word_1_298' title='bbox 216 1881 232 1906; x_wconf 82' lang='lat'>1</span> <span class='ocrx_word' id='word_1_299' title='bbox 340 1874 427 1903; x_wconf 72' lang='lat' dir='ltr'>uare</span> <span class='ocrx_word' id='word_1_300' title='bbox 445 1859 659 1913; x_wconf 81' lang='lat' dir='ltr'>om1ffo‚&amp;c.</span> <span class='ocrx_word' id='word_1_301' title='bbox 704 1857 988 1911; x_wconf 74' lang='lat' dir='ltr'>Obiurgationi</span> 
     </span>
     <span class='ocr_line' id='line_1_55' title="bbox 158 1914 988 1966; baseline -0.014 -4"><span class='ocrx_word' id='word_1_302' title='bbox 158 1921 308 1962; x_wconf 84' lang='lat' dir='ltr'>subiicit</span> <span class='ocrx_word' id='word_1_303' title='bbox 323 1920 593 1959; x_wconf 84' lang='lat' dir='ltr'>hortationem</span> <span class='ocrx_word' id='word_1_304' title='bbox 610 1943 623 1960; x_wconf 93' lang='lat'><em>,</em></span> <span class='ocrx_word' id='word_1_305' title='bbox 637 1927 682 1954; x_wconf 89' lang='lat' dir='ltr'>vt</span> <span class='ocrx_word' id='word_1_306' title='bbox 694 1915 897 1966; x_wconf 70' lang='lat' dir='ltr'>praeteritis</span> <span class='ocrx_word' id='word_1_307' title='bbox 912 1914 988 1951; x_wconf 52' lang='lat' dir='ltr'>iniae</span> 
     </span>
     <span class='ocr_line' id='line_1_56' title="bbox 156 1965 989 2030; baseline -0.017 -12"><span class='ocrx_word' id='word_1_308' title='bbox 156 1979 223 2018; x_wconf 77' lang='lat' dir='ltr'>tiis</span> <span class='ocrx_word' id='word_1_309' title='bbox 238 1971 539 2030; x_wconf 75' lang='lat' dir='ltr'>progrediantur</span> <span class='ocrx_word' id='word_1_310' title='bbox 551 1970 599 2010; x_wconf 88' lang='lat' dir='ltr'>ad</span> <span class='ocrx_word' id='word_1_311' title='bbox 613 1976 771 2010; x_wconf 82' lang='lat' dir='ltr'>metam.</span> <span class='ocrx_word' id='word_1_312' title='bbox 786 1970 894 2007; x_wconf 87' lang='lat' dir='ltr'>Nam</span> <span class='ocrx_word' id='word_1_313' title='bbox 904 1965 989 2016; x_wconf 79' lang='lat' dir='ltr'>fir-</span> 
     </span>
     <span class='ocr_line' id='line_1_57' title="bbox 157 2025 988 2081; baseline -0.01 -13"><span class='ocrx_word' id='word_1_314' title='bbox 157 2027 633 2081; x_wconf 75' lang='lat' dir='ltr'>monemprincipii‚prima</span> <span class='ocrx_word' id='word_1_315' title='bbox 645 2025 839 2078; x_wconf 84' lang='lat' dir='ltr'>tyrocinia</span> <span class='ocrx_word' id='word_1_316' title='bbox 853 2034 988 2068; x_wconf 86' lang='lat' dir='ltr'>vocat,</span> 
     </span>
     <span class='ocr_line' id='line_1_58' title="bbox 160 2077 989 2139; baseline -0.013 -13"><span class='ocrx_word' id='word_1_317' title='bbox 160 2086 299 2139; x_wconf 88' lang='lat' dir='ltr'>quibus</span> <span class='ocrx_word' id='word_1_318' title='bbox 324 2081 521 2123; x_wconf 79' lang='lat' dir='ltr'>imbuendi</span> <span class='ocrx_word' id='word_1_319' title='bbox 548 2080 630 2120; x_wconf 88' lang='lat' dir='ltr'>sunt</span> <span class='ocrx_word' id='word_1_320' title='bbox 644 2078 757 2119; x_wconf 79' lang='lat' dir='ltr'>rudes</span> <span class='ocrx_word' id='word_1_321' title='bbox 779 2077 869 2117; x_wconf 88' lang='lat' dir='ltr'>dum</span> <span class='ocrx_word' id='word_1_322' title='bbox 888 2079 989 2116; x_wconf 86' lang='lat' dir='ltr'>reci-</span> 
     </span>
     <span class='ocr_line' id='line_1_59' title="bbox 160 2133 991 2193; baseline -0.011 -14"><span class='ocrx_word' id='word_1_323' title='bbox 160 2143 319 2193; x_wconf 78' lang='lat' dir='ltr'>piuntur</span> <span class='ocrx_word' id='word_1_324' title='bbox 333 2141 371 2178; x_wconf 89' lang='lat' dir='ltr'>in</span> <span class='ocrx_word' id='word_1_325' title='bbox 385 2137 609 2177; x_wconf 83' lang='lat' dir='ltr'>Ecclefiam.</span> <span class='ocrx_word' id='word_1_326' title='bbox 637 2133 750 2174; x_wconf 90' lang='lat' dir='ltr'>Iubet</span> <span class='ocrx_word' id='word_1_327' title='bbox 762 2133 849 2172; x_wconf 70' lang='lat' dir='ltr'>aute</span> <span class='ocrx_word' id='word_1_328' title='bbox 859 2133 991 2171; x_wconf 86' lang='lat' dir='ltr'>omitti</span> 
     </span>
     <span class='ocr_line' id='line_1_60' title="bbox 163 2186 988 2240; baseline -0.012 -5"><span class='ocrx_word' id='word_1_329' title='bbox 163 2192 353 2235; x_wconf 73' lang='lat' dir='ltr'>eiusmodi</span> <span class='ocrx_word' id='word_1_330' title='bbox 375 2192 591 2231; x_wconf 79' lang='lat' dir='ltr'>rudimenta</span> <span class='ocrx_word' id='word_1_331' title='bbox 609 2207 616 2228; x_wconf 79' lang='lat' dir='ltr'><strong><em>z</em></strong></span> <span class='ocrx_word' id='word_1_332' title='bbox 636 2204 715 2229; x_wconf 91' lang='lat' dir='ltr'>non</span> <span class='ocrx_word' id='word_1_333' title='bbox 731 2186 838 2240; x_wconf 72' lang='lat' dir='ltr'>quod</span> <span class='ocrx_word' id='word_1_334' title='bbox 853 2200 988 2226; x_wconf 86' lang='lat' dir='ltr'>eorum</span> 
     </span>
     <span class='ocr_line' id='line_1_61' title="bbox 160 2241 990 2300; baseline -0.011 -11"><span class='ocrx_word' id='word_1_335' title='bbox 160 2248 340 2290; x_wconf 60' lang='lat' dir='ltr'>obliuisci</span> <span class='ocrx_word' id='word_1_336' title='bbox 355 2260 524 2300; x_wconf 85' lang='lat' dir='ltr'>vnquam</span> <span class='ocrx_word' id='word_1_337' title='bbox 549 2245 718 2285; x_wconf 86' lang='lat' dir='ltr'>debeant</span> <span class='ocrx_word' id='word_1_338' title='bbox 745 2242 879 2282; x_wconf 82' lang='lat' dir='ltr'>fideles</span> <span class='ocrx_word' id='word_1_339' title='bbox 894 2271 906 2288; x_wconf 93' lang='lat'><em>,</em></span> <span class='ocrx_word' id='word_1_340' title='bbox 927 2241 990 2281; x_wconf 84' lang='lat' dir='ltr'>sed</span> 
     </span>
     <span class='ocr_line' id='line_1_62' title="bbox 165 2296 990 2357; baseline -0.011 -13"><span class='ocrx_word' id='word_1_341' title='bbox 165 2307 255 2357; x_wconf 83' lang='lat' dir='ltr'>quia</span> <span class='ocrx_word' id='word_1_342' title='bbox 269 2307 309 2343; x_wconf 86' lang='lat' dir='ltr'>in</span> <span class='ocrx_word' id='word_1_343' title='bbox 322 2303 396 2341; x_wconf 69' lang='lat' dir='ltr'>iilis</span> <span class='ocrx_word' id='word_1_344' title='bbox 410 2303 565 2341; x_wconf 73' lang='lat' dir='ltr'>minime</span> <span class='ocrx_word' id='word_1_345' title='bbox 582 2300 633 2339; x_wconf 82' lang='lat' dir='ltr'>est</span> <span class='ocrx_word' id='word_1_346' title='bbox 649 2296 990 2350; x_wconf 64' lang='lat' dir='ltr'>haerendumqmd</span> 
     </span>
     <span class='ocr_line' id='line_1_63' title="bbox 165 2351 993 2410; baseline -0.008 -12"><span class='ocrx_word' id='word_1_347' title='bbox 165 2359 308 2398; x_wconf 71' lang='lat' dir='ltr'>melius</span> <span class='ocrx_word' id='word_1_348' title='bbox 331 2370 437 2410; x_wconf 86' lang='lat' dir='ltr'>patet</span> <span class='ocrx_word' id='word_1_349' title='bbox 453 2371 496 2395; x_wconf 85' lang='lat' dir='ltr'>ex</span> <span class='ocrx_word' id='word_1_350' title='bbox 516 2352 758 2406; x_wconf 79' lang='lat' dir='ltr'>fundamenti</span> <span class='ocrx_word' id='word_1_351' title='bbox 771 2351 993 2392; x_wconf 76' lang='lat' dir='ltr'>similitudi-</span> 
     </span>
     <span class='ocr_line' id='line_1_64' title="bbox 162 2410 994 2466; baseline -0.011 -12"><span class='ocrx_word' id='word_1_352' title='bbox 162 2427 214 2454; x_wconf 87' lang='lat' dir='ltr'>ne</span> <span class='ocrx_word' id='word_1_353' title='bbox 231 2426 310 2466; x_wconf 78' lang='lat' dir='ltr'>quae</span> <span class='ocrx_word' id='word_1_354' title='bbox 331 2426 421 2451; x_wconf 78' lang='lat' dir='ltr'>mox</span> <span class='ocrx_word' id='word_1_355' title='bbox 438 2410 616 2464; x_wconf 85' lang='lat' dir='ltr'>sequitur.</span> <span class='ocrx_word' id='word_1_356' title='bbox 630 2412 736 2449; x_wconf 83' lang='lat' dir='ltr'>Nam</span> <span class='ocrx_word' id='word_1_357' title='bbox 754 2410 795 2447; x_wconf 91' lang='lat' dir='ltr'>in</span> <span class='ocrx_word' id='word_1_358' title='bbox 811 2421 994 2447; x_wconf 82' lang='lat' dir='ltr'>extruen—</span> 
     </span>
     <span class='ocr_line' id='line_1_65' title="bbox 162 2462 993 2518; baseline -0.013 -8"><span class='ocrx_word' id='word_1_359' title='bbox 162 2468 216 2510; x_wconf 84' lang='lat' dir='ltr'>da</span> <span class='ocrx_word' id='word_1_360' title='bbox 228 2467 348 2507; x_wconf 87' lang='lat' dir='ltr'>domo</span> <span class='ocrx_word' id='word_1_361' title='bbox 362 2479 553 2518; x_wconf 85' lang='lat' dir='ltr'>nunquam</span> <span class='ocrx_word' id='word_1_362' title='bbox 568 2465 587 2504; x_wconf 75' lang='lat' dir='ltr'>a</span> <span class='ocrx_word' id='word_1_363' title='bbox 599 2464 856 2504; x_wconf 82' lang='lat' dir='ltr'>fundamento</span> <span class='ocrx_word' id='word_1_364' title='bbox 869 2462 993 2502; x_wconf 72' lang='lat' dir='ltr'>disce-</span> 
     </span>
     <span class='ocr_line' id='line_1_66' title="bbox 164 2516 993 2574; baseline -0.008 -12"><span class='ocrx_word' id='word_1_365' title='bbox 164 2523 259 2563; x_wconf 89' lang='lat' dir='ltr'>dere</span> <span class='ocrx_word' id='word_1_366' title='bbox 271 2533 442 2574; x_wconf 82' lang='lat' dir='ltr'>oportet.</span> <span class='ocrx_word' id='word_1_367' title='bbox 460 2523 496 2560; x_wconf 89' lang='lat' dir='ltr'>in</span> <span class='ocrx_word' id='word_1_368' title='bbox 516 2536 561 2560; x_wconf 86' lang='lat' dir='ltr'>eo</span> <span class='ocrx_word' id='word_1_369' title='bbox 578 2533 709 2559; x_wconf 84' lang='lat' dir='ltr'>tamen</span> <span class='ocrx_word' id='word_1_370' title='bbox 724 2516 993 2558; x_wconf 82' lang='lat' dir='ltr'>iaciendosem</span> 
     </span>
     <span class='ocr_line' id='line_1_67' title="bbox 165 2570 993 2631; baseline -0.007 -15"><span class='ocrx_word' id='word_1_371' title='bbox 165 2589 238 2631; x_wconf 83' lang='lat' dir='ltr'>per</span> <span class='ocrx_word' id='word_1_372' title='bbox 253 2575 774 2621; x_wconf 78' lang='lat' dir='ltr'>laborare‚ridiculum.Nam</span> <span class='ocrx_word' id='word_1_373' title='bbox 791 2586 906 2626; x_wconf 90' lang='lat' dir='ltr'>quum</span> <span class='ocrx_word' id='word_1_374' title='bbox 923 2570 993 2611; x_wconf 89' lang='lat' dir='ltr'>fun</span> 
     </span>
     <span class='ocr_line' id='line_1_68' title="bbox 165 2628 994 2681; baseline -0.008 -8"><span class='ocrx_word' id='word_1_375' title='bbox 165 2632 394 2673; x_wconf 87' lang='lat' dir='ltr'>damentum</span> <span class='ocrx_word' id='word_1_376' title='bbox 413 2629 563 2670; x_wconf 79' lang='lat' dir='ltr'>aedificii</span> <span class='ocrx_word' id='word_1_377' title='bbox 588 2628 693 2668; x_wconf 82' lang='lat' dir='ltr'>causa</span> <span class='ocrx_word' id='word_1_378' title='bbox 711 2641 878 2681; x_wconf 83' lang='lat' dir='ltr'>ponatur</span> <span class='ocrx_word' id='word_1_379' title='bbox 896 2656 909 2673; x_wconf 87' lang='lat'><em>,</em></span> <span class='ocrx_word' id='word_1_380' title='bbox 929 2629 994 2678; x_wconf 86' lang='lat' dir='ltr'>qui</span> 
     </span>
     <span class='ocr_line' id='line_1_69' title="bbox 167 2681 995 2735; baseline -0.008 -8"><span class='ocrx_word' id='word_1_381' title='bbox 167 2689 209 2727; x_wconf 86' lang='lat' dir='ltr'>in</span> <span class='ocrx_word' id='word_1_382' title='bbox 224 2687 324 2726; x_wconf 82' lang='lat' dir='ltr'>illius</span> <span class='ocrx_word' id='word_1_383' title='bbox 343 2683 522 2728; x_wconf 57' lang='lat' dir='ltr'>structura</span> <span class='ocrx_word' id='word_1_384' title='bbox 535 2697 745 2735; x_wconf 83' lang='lat' dir='ltr'>occupatus</span> <span class='ocrx_word' id='word_1_385' title='bbox 766 2682 816 2723; x_wconf 83' lang='lat' dir='ltr'>ad</span> <span class='ocrx_word' id='word_1_386' title='bbox 834 2681 995 2734; x_wconf 86' lang='lat' dir='ltr'>superfi-</span> 
     </span>
     <span class='ocr_line' id='line_1_70' title="bbox 166 2736 996 2783; baseline -0.006 -2"><span class='ocrx_word' id='word_1_387' title='bbox 166 2744 270 2781; x_wconf 84' lang='lat' dir='ltr'>ciem</span> <span class='ocrx_word' id='word_1_388' title='bbox 287 2755 365 2780; x_wconf 90' lang='lat' dir='ltr'>non</span> <span class='ocrx_word' id='word_1_389' title='bbox 383 2738 747 2783; x_wconf 82' lang='lat' dir='ltr'>transcendit,stulto</span> <span class='ocrx_word' id='word_1_390' title='bbox 764 2738 941 2778; x_wconf 79' lang='lat' dir='ltr'>&amp;inutili</span> <span class='ocrx_word' id='word_1_391' title='bbox 959 2736 996 2776; x_wconf 93' lang='lat' dir='ltr'>se</span> 
     </span>
     <span class='ocr_line' id='line_1_71' title="bbox 167 2790 995 2851; baseline -0.007 -15"><span class='ocrx_word' id='word_1_392' title='bbox 167 2796 349 2836; x_wconf 77' lang='lat' dir='ltr'>laborare</span> <span class='ocrx_word' id='word_1_393' title='bbox 372 2794 525 2851; x_wconf 80' lang='lat' dir='ltr'>fatigat.</span> <span class='ocrx_word' id='word_1_394' title='bbox 550 2796 733 2843; x_wconf 85' lang='lat' dir='ltr'>Denique</span> <span class='ocrx_word' id='word_1_395' title='bbox 755 2790 995 2831; x_wconf 74' lang='lat' dir='ltr'>ficutiafun-</span> 
     </span>
     <span class='ocr_line' id='line_1_72' title="bbox 165 2846 997 2900; baseline -0.005 -10"><span class='ocrx_word' id='word_1_396' title='bbox 165 2851 354 2896; x_wconf 78' lang='lat' dir='ltr'>damento</span> <span class='ocrx_word' id='word_1_397' title='bbox 368 2848 631 2889; x_wconf 88' lang='lat' dir='ltr'>inchoandum</span> <span class='ocrx_word' id='word_1_398' title='bbox 646 2846 767 2894; x_wconf 79' lang='lat' dir='ltr'>est,iic</span> <span class='ocrx_word' id='word_1_399' title='bbox 785 2860 997 2900; x_wconf 85' lang='lat' dir='ltr'>properare</span> 
     </span>
     <span class='ocr_line' id='line_1_73' title="bbox 168 2901 997 2946; baseline -0.006 0"><span class='ocrx_word' id='word_1_400' title='bbox 168 2904 288 2946; x_wconf 79' lang='lat' dir='ltr'>debet</span> <span class='ocrx_word' id='word_1_401' title='bbox 311 2904 421 2944; x_wconf 88' lang='lat' dir='ltr'>labor</span> <span class='ocrx_word' id='word_1_402' title='bbox 443 2902 704 2944; x_wconf 70' lang='lat' dir='ltr'>architeffiad</span> <span class='ocrx_word' id='word_1_403' title='bbox 732 2901 891 2943; x_wconf 90' lang='lat' dir='ltr'>domum</span> <span class='ocrx_word' id='word_1_404' title='bbox 919 2904 997 2941; x_wconf 87' lang='lat' dir='ltr'>eri-</span> 
     </span>
     <span class='ocr_line' id='line_1_74' title="bbox 167 2955 994 3019; baseline -0.008 -18"><span class='ocrx_word' id='word_1_405' title='bbox 167 2959 503 3019; x_wconf 83' lang='lat' dir='ltr'>gendam.Similis</span> <span class='ocrx_word' id='word_1_406' title='bbox 517 2957 567 2998; x_wconf 83' lang='lat' dir='ltr'>est</span> <span class='ocrx_word' id='word_1_407' title='bbox 583 2955 994 2999; x_wconf 83' lang='lat' dir='ltr'>Christianismiratio:</span> 
     </span>
     <span class='ocr_line' id='line_1_75' title="bbox 170 3010 996 3066; baseline -0.006 -11"><span class='ocrx_word' id='word_1_408' title='bbox 170 3030 261 3057; x_wconf 81' lang='lat' dir='ltr'>nam</span> <span class='ocrx_word' id='word_1_409' title='bbox 278 3018 315 3054; x_wconf 88' lang='lat' dir='ltr'>in</span> <span class='ocrx_word' id='word_1_410' title='bbox 330 3014 558 3055; x_wconf 78' lang='lat' dir='ltr'>rudimentis</span> <span class='ocrx_word' id='word_1_411' title='bbox 570 3013 673 3066; x_wconf 77' lang='lat' dir='ltr'>quasi</span> <span class='ocrx_word' id='word_1_412' title='bbox 686 3010 913 3050; x_wconf 83' lang='lat' dir='ltr'>fundamur:</span> <span class='ocrx_word' id='word_1_413' title='bbox 930 3010 996 3050; x_wconf 82' lang='lat' dir='ltr'>sed</span> 
     </span>
     <span class='ocr_line' id='line_1_76' title="bbox 169 3064 996 3124; baseline -0.008 -12"><span class='ocrx_word' id='word_1_414' title='bbox 169 3070 360 3115; x_wconf 67' lang='lat' dir='ltr'>continuo</span> <span class='ocrx_word' id='word_1_415' title='bbox 373 3066 463 3124; x_wconf 69' lang='lat' dir='ltr'>post</span> <span class='ocrx_word' id='word_1_416' title='bbox 476 3068 579 3123; x_wconf 86' lang='lat' dir='ltr'>sequi</span> <span class='ocrx_word' id='word_1_417' title='bbox 590 3065 706 3108; x_wconf 80' lang='lat' dir='ltr'>debet</span> <span class='ocrx_word' id='word_1_418' title='bbox 718 3067 834 3106; x_wconf 73' lang='lat' dir='ltr'>altior</span> <span class='ocrx_word' id='word_1_419' title='bbox 849 3064 996 3108; x_wconf 68' lang='lat' dir='ltr'>doftri=</span> 
     </span>
    </p>
   </div>
   <div class='ocr_carea' id='block_1_9' title="bbox 1040 1853 1882 3159">
    <p class='ocr_par' dir='ltr' id='par_1_11' title="bbox 1040 1853 1879 2334">
     <span class='ocr_line' id='line_1_77' title="bbox 1041 1853 1879 1908; baseline 0.001 -15"><span class='ocrx_word' id='word_1_420' title='bbox 1041 1867 1090 1893; x_wconf 87' lang='lat' dir='ltr'>na</span> <span class='ocrx_word' id='word_1_421' title='bbox 1105 1868 1185 1908; x_wconf 81' lang='lat' dir='ltr'>quae</span> <span class='ocrx_word' id='word_1_422' title='bbox 1204 1854 1406 1895; x_wconf 71' lang='lat' dir='ltr'>aedificium</span> <span class='ocrx_word' id='word_1_423' title='bbox 1422 1853 1614 1907; x_wconf 81' lang='lat' dir='ltr'>perficiat.</span> <span class='ocrx_word' id='word_1_424' title='bbox 1633 1857 1768 1908; x_wconf 88' lang='lat' dir='ltr'>Itaque</span> <span class='ocrx_word' id='word_1_425' title='bbox 1780 1867 1879 1907; x_wconf 82' lang='lat' dir='ltr'>prae-</span> 
     </span>
     <span class='ocr_line' id='line_1_78' title="bbox 1040 1908 1879 1962; baseline -0.001 -13"><span class='ocrx_word' id='word_1_426' title='bbox 1040 1908 1188 1961; x_wconf 77' lang='lat' dir='ltr'>pestere</span> <span class='ocrx_word' id='word_1_427' title='bbox 1203 1908 1353 1950; x_wconf 87' lang='lat' dir='ltr'>faciunt</span> <span class='ocrx_word' id='word_1_428' title='bbox 1376 1913 1441 1960; x_wconf 87' lang='lat' dir='ltr'>qui</span> <span class='ocrx_word' id='word_1_429' title='bbox 1471 1909 1666 1950; x_wconf 81' lang='lat' dir='ltr'>subsidunt</span> <span class='ocrx_word' id='word_1_430' title='bbox 1684 1914 1722 1949; x_wconf 90' lang='lat' dir='ltr'>in</span> <span class='ocrx_word' id='word_1_431' title='bbox 1738 1912 1879 1962; x_wconf 79' lang='lat' dir='ltr'>primis</span> 
     </span>
     <span class='ocr_line' id='line_1_79' title="bbox 1042 1964 1877 2017; baseline 0.002 -15"><span class='ocrx_word' id='word_1_432' title='bbox 1042 1965 1246 2005; x_wconf 80' lang='lat' dir='ltr'>elementis</span> <span class='ocrx_word' id='word_1_433' title='bbox 1264 1994 1278 2012; x_wconf 91' lang='lat'><em>,</em></span> <span class='ocrx_word' id='word_1_434' title='bbox 1306 1966 1395 2017; x_wconf 84' lang='lat' dir='ltr'>quia</span> <span class='ocrx_word' id='word_1_435' title='bbox 1419 1965 1567 2003; x_wconf 87' lang='lat' dir='ltr'>nullum</span> <span class='ocrx_word' id='word_1_436' title='bbox 1591 1964 1739 2004; x_wconf 85' lang='lat' dir='ltr'>habent</span> <span class='ocrx_word' id='word_1_437' title='bbox 1756 1964 1877 2004; x_wconf 77' lang='lat' dir='ltr'>finem</span> 
     </span>
     <span class='ocr_line' id='line_1_80' title="bbox 1040 2019 1879 2074; baseline 0.002 -17"><span class='ocrx_word' id='word_1_438' title='bbox 1040 2019 1375 2074; x_wconf 78' lang='lat' dir='ltr'>propofitum.acfi</span> <span class='ocrx_word' id='word_1_439' title='bbox 1391 2019 1624 2058; x_wconf 59' lang='lat' dir='ltr'>architectus</span> <span class='ocrx_word' id='word_1_440' title='bbox 1639 2031 1763 2059; x_wconf 87' lang='lat' dir='ltr'>totam</span> <span class='ocrx_word' id='word_1_441' title='bbox 1780 2032 1879 2071; x_wconf 84' lang='lat' dir='ltr'>ope·</span> 
     </span>
     <span class='ocr_line' id='line_1_81' title="bbox 1043 2073 1879 2125; baseline 0 -12"><span class='ocrx_word' id='word_1_442' title='bbox 1043 2088 1126 2113; x_wconf 86' lang='lat' dir='ltr'>ram</span> <span class='ocrx_word' id='word_1_443' title='bbox 1140 2078 1178 2114; x_wconf 91' lang='lat' dir='ltr'>in</span> <span class='ocrx_word' id='word_1_444' title='bbox 1193 2073 1453 2114; x_wconf 88' lang='lat' dir='ltr'>fundamento</span> <span class='ocrx_word' id='word_1_445' title='bbox 1466 2074 1728 2121; x_wconf 84' lang='lat' dir='ltr'>consumeret,</span> <span class='ocrx_word' id='word_1_446' title='bbox 1742 2074 1879 2125; x_wconf 70' lang='lat' dir='ltr'>reli&amp;a</span> 
     </span>
     <span class='ocr_line' id='line_1_82' title="bbox 1043 2126 1875 2185; baseline 0.001 -18"><span class='ocrx_word' id='word_1_447' title='bbox 1043 2127 1257 2169; x_wconf 70' lang='lat' dir='ltr'>aedificandi</span> <span class='ocrx_word' id='word_1_448' title='bbox 1270 2143 1371 2168; x_wconf 87' lang='lat' dir='ltr'>cura.</span> <span class='ocrx_word' id='word_1_449' title='bbox 1386 2129 1494 2185; x_wconf 85' lang='lat' dir='ltr'>Ergo</span> <span class='ocrx_word' id='word_1_450' title='bbox 1509 2128 1559 2167; x_wconf 87' lang='lat' dir='ltr'>fic</span> <span class='ocrx_word' id='word_1_451' title='bbox 1571 2127 1688 2167; x_wconf 87' lang='lat' dir='ltr'>fidem</span> <span class='ocrx_word' id='word_1_452' title='bbox 1703 2126 1875 2169; x_wconf 90' lang='lat' dir='ltr'>nostram</span> 
     </span>
     <span class='ocr_line' id='line_1_83' title="bbox 1046 2182 1878 2229; baseline 0.001 -6"><span class='ocrx_word' id='word_1_453' title='bbox 1046 2184 1133 2223; x_wconf 86' lang='lat' dir='ltr'>vult</span> <span class='ocrx_word' id='word_1_454' title='bbox 1146 2187 1260 2224; x_wconf 84' lang='lat' dir='ltr'>initio</span> <span class='ocrx_word' id='word_1_455' title='bbox 1275 2182 1432 2223; x_wconf 88' lang='lat' dir='ltr'>fundari</span> <span class='ocrx_word' id='word_1_456' title='bbox 1450 2213 1461 2229; x_wconf 96' lang='lat'><em>,</em></span> <span class='ocrx_word' id='word_1_457' title='bbox 1476 2196 1521 2223; x_wconf 86' lang='lat' dir='ltr'>vt</span> <span class='ocrx_word' id='word_1_458' title='bbox 1546 2182 1687 2222; x_wconf 90' lang='lat' dir='ltr'>sursum</span> <span class='ocrx_word' id='word_1_459' title='bbox 1707 2183 1744 2223; x_wconf 91' lang='lat' dir='ltr'>se</span> <span class='ocrx_word' id='word_1_460' title='bbox 1754 2184 1878 2224; x_wconf 88' lang='lat' dir='ltr'>attol-</span> 
     </span>
     <span class='ocr_line' id='line_1_84' title="bbox 1043 2237 1879 2291; baseline 0.002 -15"><span class='ocrx_word' id='word_1_461' title='bbox 1043 2239 1114 2285; x_wconf 81' lang='lat' dir='ltr'>lat,</span> <span class='ocrx_word' id='word_1_462' title='bbox 1132 2238 1261 2279; x_wconf 87' lang='lat' dir='ltr'>donec</span> <span class='ocrx_word' id='word_1_463' title='bbox 1274 2237 1510 2291; x_wconf 80' lang='lat' dir='ltr'>quotidianis</span> <span class='ocrx_word' id='word_1_464' title='bbox 1523 2240 1776 2279; x_wconf 83' lang='lat' dir='ltr'>incrementis</span> <span class='ocrx_word' id='word_1_465' title='bbox 1788 2251 1879 2278; x_wconf 84' lang='lat' dir='ltr'>tan-</span> 
     </span>
     <span class='ocr_line' id='line_1_85' title="bbox 1041 2293 1385 2334; baseline -0.009 0"><span class='ocrx_word' id='word_1_466' title='bbox 1041 2293 1130 2334; x_wconf 85' lang='lat' dir='ltr'>dem</span> <span class='ocrx_word' id='word_1_467' title='bbox 1149 2294 1385 2334; x_wconf 80' lang='lat' dir='ltr'>absoluatur.</span> 
     </span>
    </p>

    <p class='ocr_par' dir='ltr' id='par_1_12' title="bbox 1045 2343 1882 3123">
     <span class='ocr_line' id='line_1_86' title="bbox 1103 2343 1876 2398; baseline 0.001 -11"><span class='ocrx_word' id='word_1_468' title='bbox 1103 2350 1342 2387; x_wconf 68' lang='lat' dir='ltr'>Paenitentia</span> <span class='ocrx_word' id='word_1_469' title='bbox 1353 2345 1399 2384; x_wconf 80' lang='lat' dir='ltr'>ab</span> <span class='ocrx_word' id='word_1_470' title='bbox 1415 2343 1583 2398; x_wconf 77' lang='lat' dir='ltr'>operibus</span> <span class='ocrx_word' id='word_1_471' title='bbox 1597 2347 1766 2386; x_wconf 80' lang='lat' dir='ltr'>mortuis.</span> <span class='ocrx_word' id='word_1_472' title='bbox 1793 2344 1876 2388; x_wconf 66' lang='lat' dir='ltr'>Hic</span> 
     </span>
     <span class='ocr_line' id='line_1_87' title="bbox 1045 2401 1874 2457; baseline -0.001 -14"><span class='ocrx_word' id='word_1_473' title='bbox 1045 2404 1213 2457; x_wconf 83' lang='lat' dir='ltr'>respexit</span> <span class='ocrx_word' id='word_1_474' title='bbox 1223 2404 1272 2444; x_wconf 91' lang='lat' dir='ltr'>ad</span> <span class='ocrx_word' id='word_1_475' title='bbox 1285 2403 1464 2443; x_wconf 84' lang='lat' dir='ltr'>vfitatam</span> <span class='ocrx_word' id='word_1_476' title='bbox 1479 2403 1704 2443; x_wconf 77' lang='lat' dir='ltr'>catechismi</span> <span class='ocrx_word' id='word_1_477' title='bbox 1718 2401 1874 2443; x_wconf 88' lang='lat' dir='ltr'>formu-</span> 
     </span>
     <span class='ocr_line' id='line_1_88' title="bbox 1047 2456 1877 2510; baseline 0.004 -14"><span class='ocrx_word' id='word_1_478' title='bbox 1047 2456 1139 2499; x_wconf 88' lang='lat' dir='ltr'>lam.</span> <span class='ocrx_word' id='word_1_479' title='bbox 1174 2458 1289 2500; x_wconf 84' lang='lat' dir='ltr'>Vnde</span> <span class='ocrx_word' id='word_1_480' title='bbox 1315 2456 1531 2510; x_wconf 82' lang='lat' dir='ltr'>probabilis</span> <span class='ocrx_word' id='word_1_481' title='bbox 1546 2459 1767 2498; x_wconf 71' lang='lat' dir='ltr'>eoniectura</span> <span class='ocrx_word' id='word_1_482' title='bbox 1783 2457 1877 2499; x_wconf 80' lang='lat' dir='ltr'>sumi</span> 
     </span>
     <span class='ocr_line' id='line_1_89' title="bbox 1049 2511 1876 2566; baseline -0.005 -11"><span class='ocrx_word' id='word_1_483' title='bbox 1049 2513 1176 2565; x_wconf 81' lang='lat' dir='ltr'>potest</span> <span class='ocrx_word' id='word_1_484' title='bbox 1193 2543 1206 2561; x_wconf 87' lang='lat'><em>‚</em></span> <span class='ocrx_word' id='word_1_485' title='bbox 1223 2512 1437 2566; x_wconf 86' lang='lat' dir='ltr'>Epistolam</span> <span class='ocrx_word' id='word_1_486' title='bbox 1457 2512 1557 2551; x_wconf 83' lang='lat' dir='ltr'>hanc</span> <span class='ocrx_word' id='word_1_487' title='bbox 1582 2527 1663 2553; x_wconf 90' lang='lat' dir='ltr'>non</span> <span class='ocrx_word' id='word_1_488' title='bbox 1685 2511 1812 2552; x_wconf 85' lang='lat' dir='ltr'>statim</span> <span class='ocrx_word' id='word_1_489' title='bbox 1825 2511 1876 2551; x_wconf 85' lang='lat' dir='ltr'>ab</span> 
     </span>
     <span class='ocr_line' id='line_1_90' title="bbox 1047 2566 1878 2624; baseline -0.001 -17"><span class='ocrx_word' id='word_1_490' title='bbox 1047 2569 1209 2610; x_wconf 88' lang='lat' dir='ltr'>exordio</span> <span class='ocrx_word' id='word_1_491' title='bbox 1238 2568 1480 2624; x_wconf 85' lang='lat' dir='ltr'>promulgati</span> <span class='ocrx_word' id='word_1_492' title='bbox 1501 2567 1678 2623; x_wconf 68' lang='lat' dir='ltr'>Euagelii</span> <span class='ocrx_word' id='word_1_493' title='bbox 1696 2566 1878 2619; x_wconf 84' lang='lat' dir='ltr'>scriptam</span> 
     </span>
     <span class='ocr_line' id='line_1_91' title="bbox 1046 2622 1881 2679; baseline -0.005 -14"><span class='ocrx_word' id='word_1_494' title='bbox 1046 2624 1120 2665; x_wconf 80' lang='lat' dir='ltr'>esse</span> <span class='ocrx_word' id='word_1_495' title='bbox 1133 2654 1146 2672; x_wconf 92' lang='lat'><em>,</em></span> <span class='ocrx_word' id='word_1_496' title='bbox 1166 2624 1229 2664; x_wconf 84' lang='lat' dir='ltr'>sed</span> <span class='ocrx_word' id='word_1_497' title='bbox 1243 2638 1358 2679; x_wconf 89' lang='lat' dir='ltr'>quum</span> <span class='ocrx_word' id='word_1_498' title='bbox 1377 2627 1454 2664; x_wconf 88' lang='lat' dir='ltr'>iam</span> <span class='ocrx_word' id='word_1_499' title='bbox 1470 2623 1638 2675; x_wconf 81' lang='lat' dir='ltr'>aliquam</span> <span class='ocrx_word' id='word_1_500' title='bbox 1654 2622 1802 2675; x_wconf 84' lang='lat' dir='ltr'>politiae</span> <span class='ocrx_word' id='word_1_501' title='bbox 1815 2635 1881 2661; x_wconf 76' lang='lat' dir='ltr'>ra-</span> 
     </span>
     <span class='ocr_line' id='line_1_92' title="bbox 1047 2674 1876 2720; baseline -0.005 -1"><span class='ocrx_word' id='word_1_502' title='bbox 1047 2683 1197 2720; x_wconf 89' lang='lat' dir='ltr'>tionem</span> <span class='ocrx_word' id='word_1_503' title='bbox 1216 2683 1255 2719; x_wconf 88' lang='lat' dir='ltr'>in</span> <span class='ocrx_word' id='word_1_504' title='bbox 1278 2677 1459 2719; x_wconf 83' lang='lat' dir='ltr'>Ecclefiis</span> <span class='ocrx_word' id='word_1_505' title='bbox 1472 2674 1717 2717; x_wconf 87' lang='lat' dir='ltr'>constitutam</span> <span class='ocrx_word' id='word_1_506' title='bbox 1748 2675 1876 2716; x_wconf 80' lang='lat' dir='ltr'>habe-</span> 
     </span>
     <span class='ocr_line' id='line_1_93' title="bbox 1048 2730 1880 2784; baseline -0.005 -11"><span class='ocrx_word' id='word_1_507' title='bbox 1048 2748 1136 2774; x_wconf 88' lang='lat' dir='ltr'>rent</span> <span class='ocrx_word' id='word_1_508' title='bbox 1154 2751 1164 2773; x_wconf 85' lang='lat'>:</span> <span class='ocrx_word' id='word_1_509' title='bbox 1178 2749 1221 2775; x_wconf 90' lang='lat' dir='ltr'>ea</span> <span class='ocrx_word' id='word_1_510' title='bbox 1233 2749 1314 2775; x_wconf 86' lang='lat' dir='ltr'>erat</span> <span class='ocrx_word' id='word_1_511' title='bbox 1330 2748 1374 2775; x_wconf 89' lang='lat' dir='ltr'>vt</span> <span class='ocrx_word' id='word_1_512' title='bbox 1386 2731 1686 2772; x_wconf 84' lang='lat' dir='ltr'>catechumenus</span> <span class='ocrx_word' id='word_1_513' title='bbox 1700 2730 1880 2784; x_wconf 69' lang='lat' dir='ltr'>priusquz&#39;i</span> 
     </span>
     <span class='ocr_line' id='line_1_94' title="bbox 1047 2786 1879 2840; baseline -0.006 -11"><span class='ocrx_word' id='word_1_514' title='bbox 1047 2789 1318 2830; x_wconf 83' lang='lat' dir='ltr'>admitteretur</span> <span class='ocrx_word' id='word_1_515' title='bbox 1343 2789 1390 2830; x_wconf 86' lang='lat' dir='ltr'>ad</span> <span class='ocrx_word' id='word_1_516' title='bbox 1404 2786 1646 2840; x_wconf 86' lang='lat' dir='ltr'>Baptismum</span> <span class='ocrx_word' id='word_1_517' title='bbox 1660 2816 1675 2834; x_wconf 91' lang='lat'><em>‚</em></span> <span class='ocrx_word' id='word_1_518' title='bbox 1691 2786 1780 2827; x_wconf 79' lang='lat' dir='ltr'>fidei</span> <span class='ocrx_word' id='word_1_519' title='bbox 1808 2786 1879 2825; x_wconf 82' lang='lat' dir='ltr'>suae</span> 
     </span>
     <span class='ocr_line' id='line_1_95' title="bbox 1048 2843 1882 2885; baseline -0.005 -2"><span class='ocrx_word' id='word_1_520' title='bbox 1048 2843 1333 2885; x_wconf 75' lang='lat' dir='ltr'>confessionem</span> <span class='ocrx_word' id='word_1_521' title='bbox 1348 2843 1760 2885; x_wconf 86' lang='lat' dir='ltr'>ederet.Erantautem</span> <span class='ocrx_word' id='word_1_522' title='bbox 1774 2852 1882 2880; x_wconf 73' lang='lat' dir='ltr'>certa</span> 
     </span>
     <span class='ocr_line' id='line_1_96' title="bbox 1049 2896 1881 2953; baseline -0.008 -14"><span class='ocrx_word' id='word_1_523' title='bbox 1049 2903 1178 2952; x_wconf 85' lang='lat' dir='ltr'>capita</span> <span class='ocrx_word' id='word_1_524' title='bbox 1191 2899 1240 2940; x_wconf 85' lang='lat' dir='ltr'>de</span> <span class='ocrx_word' id='word_1_525' title='bbox 1254 2900 1389 2953; x_wconf 81' lang='lat' dir='ltr'>quibus</span> <span class='ocrx_word' id='word_1_526' title='bbox 1404 2896 1537 2938; x_wconf 82' lang='lat' dir='ltr'>Pastor</span> <span class='ocrx_word' id='word_1_527' title='bbox 1554 2896 1881 2938; x_wconf 85' lang='lat' dir='ltr'>catechumenum</span> 
     </span>
     <span class='ocr_line' id='line_1_97' title="bbox 1048 2951 1882 3011; baseline -0.008 -17"><span class='ocrx_word' id='word_1_528' title='bbox 1048 2955 1318 3011; x_wconf 79' lang='lat' dir='ltr'>interrogabat</span> <span class='ocrx_word' id='word_1_529' title='bbox 1333 2972 1341 2993; x_wconf 92' lang='lat'>:</span> <span class='ocrx_word' id='word_1_530' title='bbox 1356 2951 1686 3008; x_wconf 85' lang='lat' dir='ltr'>quemadmodum</span> <span class='ocrx_word' id='word_1_531' title='bbox 1702 2966 1748 2991; x_wconf 87' lang='lat' dir='ltr'>ex</span> <span class='ocrx_word' id='word_1_532' title='bbox 1760 2951 1882 2989; x_wconf 85' lang='lat' dir='ltr'>variis</span> 
     </span>
     <span class='ocr_line' id='line_1_98' title="bbox 1050 3004 1877 3059; baseline -0.008 -11"><span class='ocrx_word' id='word_1_533' title='bbox 1050 3010 1209 3049; x_wconf 84' lang='lat' dir='ltr'>Patrum</span> <span class='ocrx_word' id='word_1_534' title='bbox 1226 3009 1453 3050; x_wconf 85' lang='lat' dir='ltr'>testimoniis</span> <span class='ocrx_word' id='word_1_535' title='bbox 1481 3005 1643 3047; x_wconf 77' lang='lat' dir='ltr'>constat.</span> <span class='ocrx_word' id='word_1_536' title='bbox 1666 3004 1877 3059; x_wconf 87' lang='lat' dir='ltr'>praesertim</span> 
     </span>
     <span class='ocr_line' id='line_1_99' title="bbox 1046 3059 1880 3123; baseline -0.01 -19"><span class='ocrx_word' id='word_1_537' title='bbox 1046 3063 1097 3105; x_wconf 88' lang='lat' dir='ltr'>de</span> <span class='ocrx_word' id='word_1_538' title='bbox 1121 3064 1310 3119; x_wconf 75' lang='lat' dir='ltr'>Symbolo</span> <span class='ocrx_word' id='word_1_539' title='bbox 1326 3064 1434 3123; x_wconf 83' lang='lat' dir='ltr'>quod</span> <span class='ocrx_word' id='word_1_540' title='bbox 1446 3060 1716 3116; x_wconf 83' lang='lat' dir='ltr'>Apostolicum</span> <span class='ocrx_word' id='word_1_541' title='bbox 1742 3059 1880 3102; x_wconf 71' lang='lat' dir='ltr'>voca&#39;t,</span> 
     </span>
    </p>

    <p class='ocr_par' dir='ltr' id='par_1_13' title="bbox 1720 3126 1882 3159">
     <span class='ocr_line' id='line_1_100' title="bbox 1720 3126 1882 3159; baseline 0.012 -2"><span class='ocrx_word' id='word_1_542' title='bbox 1720 3126 1882 3159; x_wconf 57' lang='lat' dir='ltr'>examen</span> 
     </span>
    </p>
   </div>
  </div>
 </body>
</html>
