1980 3338
627 26 726 74 An
779 1 1146 75 contum.
1198 30 1272 77 11.
1407 53 1426 67 -

123 99 265 146 ‘eorum
277 95 608 144 technamsdeo
621 95 737 143 dicit,
774 98 823 133 ln
837 99 968 135 Em»-

133 157 237 213 gelae'o
255 152 400 210 christi
415 169 427 195 z
443 167 525 194 non
553 153 660 192 enim
673 163 817 191 vacuus
829 149 881 192 ad
897 165 966 191 eos

131 226 311 260 venerat,
325 211 391 252 sed
400 211 550 262 primus
561 206 638 246 illis
653 205 841 246 attulerat
854 207 965 246 Euan

131 269 298 325 gelium.
313 260 536 321 praepositio
550 262 615 308 ln,
628 259 734 301 secus
747 259 768 300 ὲ
779 259 968 313 quibusdi’

130 326 499 378 accipitur.vertunt
511 317 616 357 enim
621 327 708 369 ,per
719 316 963 373 Euigelium:

129 381 198 433 qui
224 376 349 419 sensus
377 389 458 415 non
476 371 577 412 male
600 369 764 424 quadrat
781 386 792 410 :
808 369 965 412 videtur

128 445 265 475 tamen
294 431 397 472 suum
423 427 474 469 ad
491 424 728 470 Corinthios
752 423 966 466 aduentum

131 502 276 529 ornare
287 486 430 528 Paulus
446 484 560 537 :quia
571 495 651 522 tam
667 479 840 536 pretioso
854 479 964 523 dono

129 540 330 584 instru&us
346 538 479 580 finci-it.

189 611 229 650 ¹5
284 599 332 636 ln
347 591 486 632 alienis
503 587 708 630 laboribus.
753 593 836 633 Iam
862 589 965 631 libe..

128 654 208 693 rius
222 654 361 707 pungit
375 645 719 702 pseudoapostolos
735 675 748 693 ,
764 648 829 700 qui
844 659 964 697 quum

128 709 171 747 in
187 708 357 748 alienam
373 701 539 743 'messem
570 716 706 742 manus
734 702 962 749 intulissent,

126 760 322 802 audebant
335 772 465 800 tamen
484 759 528 796 iis
543 756 763 798 obtree‘mre
781 786 794 804 ‚
813 759 880 810 qui
896 756 961 798 suo

128 815 269 858 sudore
281 810 522 856 acindustria
536 813 666 852 locum
693 813 770 852 illis
797 825 962 865 paraue-

124 884 229 912 rant.
260 871 400 912 Paulus
429 867 733 909 Corinthiorum
749 867 962 907 Ecclesiam

126 923 483 971 oedificauerat,non
494 922 636 972 absque
649 925 819 963 maximo
831 935 961 962 certa-

125 983 236 1021 mine
246 995 291 1020 ac
305 979 514 1020 innumeris
526 976 835 1018 difficultatibus:
852 976 961 1017 succe

123 1033 223 1076 dunt
238 1033 314 1082 isti,
327 1038 432 1075 viam
447 1030 602 1071 stratam
616 1031 847 1085 ianuamque
861 1044 959 1083 aper

123 1103 204 1131 tam
221 1092 422 1130 inueniunt
441 1104 450 1126 ε
469 1100 514 1127 νε
530 1085 736 1127 videantur
746 1084 960 1138 aliqui,fibi‘

122 1144 372 1199 impudenter
402 1157 491 1183 arro
521 1155 591 1182 ant
614 1139 718 1194 quod
748 1141 856 1180 nullo
876 1143 957 1180 iure

122 1200 201 1240 illis
213 1198 479 1252 copetebat:&
526 1196 604 1237 auli
615 1193 770 1235 labores
783 1194 954 1235 eleuant.

123 1260 238 1307 Spem
259 1264 384 1294 autem
398 1248 584 1289 habentes.
620 1251 768 1289 Iterum
794 1247 954 1302 oblique

119 1306 379 1362 reprehendit
396 1305 646 1348 Corinthios:
660 1305 749 1357 quia
761 1302 831 1344 sibi
844 1302 954 1346 obsta

119 1365 210 1406 culo
221 1365 304 1406 erit
321 1363 525 1417 quominus
540 1357 762 1413 progressus
783 1363 954 1401 rmiorcs

117 1417 271 1460 faceret
281 1421 322 1458 in
335 1413 607 1470 promouendo
619 1414 823 1469 Euigelio.
841 1415 951 1456 Nam

149 1487 238 1513 uum
252 1472 288 1513 se
300 1470 454 1524 sperare-
474 1469 573 1511 dicit
586 1497 600 1515 ‚
622 1470 813 1520 Crefieme
830 1482 952 1508 eorum

109 1487 439 1580 2&‚ampliatum
453 1527 500 1565 iri
513 1525 650 1583 gloriae
664 1524 732 1564 suae
745 1523 857 1565 fines:
871 1528 951 1565 im-

116 1583 377 1624 becillitatem
397 1579 491 1621 fidei
507 1610 521 1628 ,
536 1593 612 1634 qua
625 1578 862 1620 laborabant
878 1608 889 1625 ‚
908 1582 949 1622 in

117 1637 228 1680 causa
240 1636 314 1678 effe
329 1634 522 1694 significat
534 1649 601 1675 cur
612 1634 852 1688 aliquantuli]
863 1633 951 1676 fue-

118 1695 171 1734 rit
185 1691 311 1733 cursus
336 1690 416 1731 suus
431 1689 646 1731 retardatus
663 1706 674 1729 2
691 1689 769 1730 acsi
779 1689 949 1738 diceret,

117 1750 161 1789 N
166 1763 239 1788 unc
253 1760 316 1786 me
327 1744 494 1786 decebat
514 1749 696 1799 occupari
712 1748 751 1784 in
764 1749 950 1798 acquiren

115 1801 178 1844 dis
192 1805 302 1843 nouis
315 1800 513 1847 Ecclefiis,
526 1799 643 1853 idque
653 1799 769 1840 vobis
783 1800 950 1841 adiuuan

114 1857 268 1904 tibus‚si
281 1854 535 1910 profeciffetis
551 1868 738 1904 quantum
759 1859 950 1908 oportuit:

115 1927 218 1954 nunc
231 1913 332 1952 mihi
350 1925 500 1951 moram
517 1909 663 1951 affertis
687 1907 814 1951 vestra
838 1909 953 1950 infir-

115 1970 394 2020 mitatc.S.pero
410 1980 541 2006 tamen
556 1967 780 2006 Dominum
793 1964 948 2012 daturi'i,

116 2036 164 2063 νε
181 2022 351 2075 sequatur
368 2024 492 2061 maior
505 2024 546 2060 in
562 2019 756 2072 posterum
774 2023 814 2059 in
833 2019 951 2060 vobis

113 2077 326 2132 profectus:
345 2090 459 2127 atque
471 2076 590 2116 etiam
607 2078 660 2115 ita
672 2087 859 2132 augeatur
872 2078 950 2115 mi-

115 2131 261 2172 nisterii
275 2133 352 2171 mci
365 2131 495 2188 gloria
513 2158 526 2176 ‚
545 2129 752 2169 secundum
769 2131 948 2186 regulam

113 2186 272 2226 Diuinae
286 2187 521 2226 vocationis.
540 2183 706 2222 Gloriari
727 2184 766 2219 in
782 2184 947 2234 paratis,

112 2240 217 2281 idem
236 2240 289 2281 est
315 2239 423 2292 quod
436 2239 598 2294 gloriari
617 2242 655 2279 in
671 2240 808 2279 alienis
835 2238 949 2278 labo-

112 2295 219 2336 ribus
237 2312 245 2334 :
264 2309 352 2335 nam
367 2308 484 2346 quum
499 2294 639 2333 Paulus
658 2292 871 2340 militasset,
887 2294 947 2334 illi

111 2349 351 2403 triumphum
367 2348 552 2403 agebant.

170 2420 211 2455 17
273 2409 302 2442 C
307 2406 452 2443 aetcrdm
467 2406 532 2453 qui
546 2400 747 2454 gloriatur.
776 2404 944 2445 Senten-

112 2460 167 2499 tia
189 2459 270 2500 haec
285 2462 372 2498 vice
387 2460 639 2499 correctionis
656 2455 708 2496 est
724 2459 944 2513 positapo..

112 2526 217 2555 terat
231 2513 418 2565 siquidem
435 2515 513 2552 eius
527 2512 715 2569 gloriatio
733 2513 865 2553 similis
879 2529 944 2555 re-

110 2571 238 2622 putari
254 2570 362 2610 inani
373 2566 668 2609 iaaantiae.ideo
684 2567 734 2608 ad
745 2569 826 2609 Dei
843 2570 946 2611 iudi-

1018 95 1124 137 cium
1137 96 1175 138 se
1188 99 1230 138 δε
1239 96 1342 139 alios
1356 109 1518 140 reuocat
1529 126 1547 147 ,
1561 96 1700 149 dicens
1711 113 1781 142 eos
1789 101 1870 144 de:

1019 164 1128 191 mum
1139 155 1216 192 rite
1230 152 1397 210 gloriari
1410 157 1476 208 qui
1488 155 1583 196 Deo
1595 153 1758 209 probati
1772 155 1866 199 sint.

1021 206 1218 248 Caeterum
1247 205 1415 249 Gloriari
1431 208 1474 247 in
1486 210 1649 248 Domino
1662 210 1780 251 aliter
1792 209 1867 254 hie

1018 275 1064 302 ca
1094 262 1302 316 itui-,quam
1318 267 1356 304 in
1375 266 1508 317 ptimo
1520 268 1651 319 capite
1664 279 1788 319 ver-3¹
1804 267 1865 308 E·-
1883 290 1891 296 ν

1018 317 1059 370 pi
1095 318 1168 358 olae
1184 316 1393 371 superioris
1408 347 1420 366 ,
1435 321 1476 361 ὅτ
1487 319 1592 373 apud
1606 321 1816 362 Ieremiam
1829 335 1867 364 1.

1020 386 1084 422 24:
1102 386 1193 413 nam
1207 374 1290 414 illic
1302 372 1499 431 fignificat
1512 375 1646 416 Deum
1659 378 1715 416 ita
1726 390 1863 434 agno-

1020 426 1124 468 scere
1152 426 1346 470 bonorum
1360 433 1538 471 omnium
1549 429 1762 471 authorem
1781 459 1796 479 ,
1810 445 1863 474 vt

1019 484 1099 523 eius
1122 486 1258 541 gratiae
1270 482 1483 525 ascribatur
1497 483 1684 539 quicquid
1701 484 1756 526 est
1777 484 1861 527 bo·-

1019 552 1174 579 norum:
1192 552 1317 593 neque
1329 537 1368 581 se
1378 539 1567 581 attollant
1583 539 1859 590 hominess&

1017 593 1129 633 illum
1146 608 1267 634 vnum
1295 593 1538 652 glorificent.
1556 593 1623 636 hic
1636 609 1768 637 autem
1781 593 1859 644 est,

1016 649 1058 688 in
1074 651 1185 690 vnius
1198 651 1281 691 Dei
1293 649 1461 691 arbitrio
1474 663 1669 705 reponere
1680 649 1858 693 nostram

1015 703 1205 758 gloriam,
1216 706 1293 746 alia
1306 707 1441 746 omnia
1458 718 1532 758 pro
1552 705 1681 747 nihilo
1692 704 1856 748 ducere.

1017 772 1107 799 nam
1133 773 1251 814 quum
1280 759 1480 814 pendeant
1491 761 1560 801 alii
1572 760 1623 801 ab
1641 759 1858 804 hominum

1015 816 1221 866 opinione,
1238 819 1277 856 δε
1291 813 1386 855 falsa
1398 815 1511 872 vulgi
1530 817 1676 856 trutina
1694 814 1733 857 se
1745 828 1857 870 pon-

1013 867 1169 916 derent,
1186 871 1285 911 alios
1297 871 1468 923 decipiat
1484 872 1648 923 propria
1656 884 1861 929 arrogan-

1013 925 1065 962 tia
1083 940 1092 962 :
1111 925 1254 964 Paulus
1270 941 1341 965 nos
1358 924 1470 964 huius
1481 928 1598 964 vnius
1620 925 1758 981 gloriae
1775 924 1860 969 stu..

1010 975 1144 1018 diosos
1153 979 1229 1020 esse
1252 979 1359 1020 iubet
1372 1008 1385 1026 ,
1403 992 1449 1019 vt
1464 980 1687 1032 placeamus
1701 982 1861 1023 Domi-

1011 1046 1066 1072 no
1079 1060 1094 1079 ,
1111 1036 1218 1073 cuius
1242 1033 1387 1075 iudicio
1402 1031 1543 1074 stamus
1557 1037 1596 1075 &
1610 1034 1785 1076 cadimus
1804 1052 1856 1078 o-

1012 1088 1297 1128 mnes-Dicunt
1308 1090 1428 1129 etiam
1442 1088 1594 1129 ethnici
1608 1103 1744 1131 veram
1756 1091 1859 1149 glo-

1008 1143 1107 1180 riam
1122 1141 1233 1182 sitam
1247 1144 1324 1184 esse
1345 1144 1385 1182 in
1399 1144 1505 1184 rena
1524 1142 1778 1186 conscientia.
1796 1145 1855 1187 est

1007 1195 1049 1236 id
1062 1196 1219 1250 quidem
1230 1196 1378 1252 aliquid
1382 1196 1463 1243 ,sed
1484 1212 1565 1239 non
1579 1211 1708 1239 totum
1729 1216 1740 1240 ε
1756 1215 1855 1242 nant

1007 1262 1127 1304 quum
1153 1255 1357 1294 caecutiant
1381 1249 1462 1293 fere
1478 1266 1617 1294 omnes
1642 1257 1765 1296 nimio
1792 1255 1853 1300 sui

1005 1319 1160 1355 amore,
1173 1323 1255 1348 non
1270 1310 1489 1362 poterimus
1510 1308 1601 1350 tuto
1616 1311 1656 1349 in
1669 1324 1715 1351 ca
1729 1324 1853 1364 quam

1005 1360 1057 1402 dc
1072 1361 1186 1403 nobis
1197 1363 1270 1416 ipfi
1286 1361 1770 1410 fecerimus,aestimatione
1777 1380 1849 1407 ac-

1004 1417 1212 1470 quiescere.
1229 1417 1403 1460 tenendfi
1415 1421 1520 1458 enim
1534 1422 1729 1461 memoria
1740 1421 1853 1474 quod.

1003 1470 1099 1512 alibi
1109 1473 1264 1521 dicit,s'e
1275 1475 1415 1515 nullius
1428 1477 1485 1515 rei
1499 1473 1568 1515 fibi
1583 1474 1658 1515 esse
1671 1473 1849 1523 conscisi,

1004 1542 1132 1581 neque
1146 1541 1283 1570 tamen
1308 1542 1519 1582 propterea
1536 1531 1576 1569 in
1601 1529 1682 1571 hoc
1710 1529 1852 1571 iustifi-

1003 1585 1099 1622 cati.
1118 1583 1231 1637 Qid
1246 1585 1363 1641 ergo?
1383 1583 1545 1624 sciamus
1560 1584 1640 1625 hoc
1664 1586 1756 1626 iuris
1773 1587 1846 1628 vni

1004 1638 1098 1678 Deo
1113 1639 1187 1680 esse
1198 1638 1472 1686 deferendum,
1489 1652 1536 1679 vt
1548 1639 1599 1680 de
1611 1640 1726 1680 nobis
1745 1653 1847 1693 pro-

1004 1696 1174 1735 nuntiet.
1190 1709 1271 1735 non
1290 1697 1396 1735 enim
1413 1694 1684 1736 sumusidonei
1697 1695 1847 1737 iudices

1004 1749 1043 1788 in
1061 1753 1222 1804 propria
1234 1750 1357 1791 causa.
1388 1751 1505 1790 Hunc
1529 1749 1678 1789 sensum
1691 1750 1848 1791 confir-

1006 1817 1089 1844 mat
1101 1805 1205 1854 quod
1224 1805 1400 1859 proxime
1419 1803 1589 1857 sequitur
1603 1832 1618 1851 ‚
1637 1808 1726 1844 Non
1745 1804 1847 1845 enim

1006 1860 1072 1909 qui
1078 1859 1242 1911 stipsum
1256 1856 1570 1905 commendat‚illc
1583 1857 1761 1910 probatus
1777 1858 1844 1911 est.

1004 1914 1113 1954 Nam
1130 1915 1314 1955 homines
1342 1913 1438 1956 falsa
1453 1913 1697 1963 persuasione
1707 1915 1843 1970 decipi

1002 1969 1122 2010 facilc
1135 1969 1202 2017 cst,
1223 1974 1261 2010 ὅ(
1273 1970 1449 2021 quotidie
1463 1968 1618 2010 accidit.
1637 1984 1735 2028 ergo
1752 1972 1844 2012 aliis

1002 2024 1186 2064 omnibus
1200 2025 1388 2081 negleffls
1402 2053 1416 2071 ‚
1432 2023 1508 2065 huc
1520 2025 1674 2065 tantum
1691 2025 1844 2079 aspire-

1004 2092 1154 2125 mus‚vt
1166 2081 1257 2119 Deo
1273 2079 1384 2119 simus
1401 2078 1589 2132 probati,
1609 2083 1647 2121 δι
1665 2079 1747 2121 sola
1760 2084 1844 2123 eius

1002 2133 1292 2186 approbatione
1303 2133 1702 2176 fimuscfitentifficuti
1717 2140 1844 2178 meri-

1003 2186 1045 2228 to
1065 2190 1185 2241 pluris
1208 2187 1282 2229 esse
1307 2188 1422 2228 nobis
1435 2188 1554 2230 debet
1566 2191 1680 2244 quam
1696 2205 1841 2233 omnes

1001 2247 1176 2284 omnium
1190 2243 1584 2296 applaususDicebat
1597 2245 1756 2292 i11e‚fibi
1774 2249 1842 2288 in-

999 2296 1073 2338 star
1087 2300 1197 2339 mille
1208 2298 1281 2338 esse
1302 2302 1416 2339 vnius
1433 2299 1612 2341 Platonis
1624 2302 1836 2343 calculum.

1000 2369 1081 2394 non
1101 2355 1165 2394 hic
1178 2353 1226 2393 de
1243 2353 1407 2395 homim'i
1420 2355 1578 2395 calculis
1589 2359 1734 2413 agitur,
1750 2361 1839 2409 quis

998 2422 1112 2462 quem
1128 2408 1388 2462 praepodcret:
1407 2408 1471 2449 sed
1481 2409 1529 2450 de
1548 2413 1661 2465 ipsius
1674 2413 1755 2452 Dei
1771 2412 1838 2453 sen

998 2468 1121 2504 tentia
1138 2494 1149 2510 ‚
1169 2467 1271 2504 cuius
1284 2463 1338 2503 cst
1360 2477 1537 2506 euertere
1550 2467 1738 2523 quicquid
1755 2467 1837 2509 ho-

996 2522 1120 2560 mines
1132 2518 1402 2561 iudicauerint.

892 2700 928 2740 C
949 2699 983 2738 Α
1003 2699 1049 2740 Ρ.
1109 2701 1145 2741 Χ
1163 2700 1196 2741 Ῑ.

113 2774 131 2811 ¹
198 2773 511 2925 VTinam
527 2773 827 2848 tolerassetis
841 2798 920 2832 me
926 2781 1186 2861 paultsper
1197 2782 1251 2835 in
1276 2779 1562 2862 instpientia
1577 2801 1690 2836 mea
1705 2804 1722 2835 .·
1735 2772 1836 2835 imoq

319 2863 473 2912 ettam
485 2855 687 2932 fitffcrte
701 2880 795 2913 me.

166 2959 195 2991 2
268 2943 430 2994 Νιτνη
444 2943 818 3021 :zelotypus-fitm
835 2964 955 3021 erga
973 2964 1066 2997 vos
1087 2944 1195 2997 Dei
1209 2947 1335 3003 zelo,
1362 2942 1578 3003 adiunxi
1592 2947 1722 3003 enim
1738 2963 1832 3002 vos

110 3024 204 3075 vm'
222 3020 430 3084 vir0‚ad
442 3019 776 3080 exhtbendam
793 3028 1048 3105 virginem
1064 3024 1254 3100 castam
1273 3030 1317 3083 C
1317 3025 1483 3104 bristo.

1565 3107 1647 3152 Gi.
