1980 3338
128 131 233 172 ratio
250 122 399 171 Christi
413 121 550 182 gloria!
563 133 690 177 neque
717 122 962 177 praeferenda

130 185 329 235 est,neque
340 176 538 233 aequanda.
569 178 819 233 rounque
830 192 870 220 te
883 193 962 219 vo—

129 252 195 279 cat
208 233 384 279 Christus
396 262 412 281 ‚
430 232 597 273 eundum
611 231 663 272 est
674 233 862 286 propere,
874 233 961 274 aliis

129 290 313 335 omnibus
325 288 484 330 reliffis.
507 289 561 328 ita
572 286 814 341 respicienda
822 286 898 329 tibi
907 286 962 328 est

131 347 294 388 vocatio
312 356 392 390 tua,
408 355 453 384 vt
464 340 711 383 abomnibus
723 356 962 385 auocamen-

130 404 182 441 τῇς
197 398 319 439 sensus
336 412 422 438 tuos
439 410 577 438 omnes
589 409 739 438 auci-tas
751 427 761 437 .
789 400 903 441 Licet
918 413 963 439 a·-

129 455 204 496 libi
221 453 443 506 opulentius
453 453 590 493 viuere
604 467 614 492 :
631 465 672 493 at
685 452 794 494 Deus
818 467 858 494 te
872 453 963 494 alli-

93 525 98 529 ·
132 512 243 568 gauit
269 506 447 547 Ecclefiae
463 534 478 554 ‚
494 519 575 561 quae
600 511 770 548 tenuiter
787 507 908 549 modo
923 520 964 549 te

131 561 324 605 alat:alibi
335 562 420 615 plus
435 560 613 603 honoris:
631 560 698 605 sed
711 576 798 603 eum
811 562 882 605 tibi
901 564 964 604 lo-

131 633 222 660 cum
248 615 426 657 attribuit
453 617 561 657 Deus
585 620 627 659 in
653 630 731 671 quo
761 617 965 659 humiliter

132 675 255 715 viuas.
271 669 367 712 alibi
382 663 567 712 salubrius
582 672 716 712 caelum
732 700 747 719 ‚
762 685 827 713 aut
838 687 964 713 amoe-

131 731 221 769 nior
235 729 351 782 regio
370 740 380 766 z
398 724 464 766 sed
477 726 544 767 hic
569 724 642 767 tibi
656 724 770 767 statio
784 726 967 769 ordinata

134 781 204 823 est.
224 794 381 835 optares
404 779 477 822 tibi
490 794 575 820 cum
592 779 825 821 humaniore
837 794 965 835 popu-

133 839 175 878 10
195 837 270 878 effe
282 850 332 876 ne
363 837 502 876 otium:
516 834 684 876 offendit
698 848 739 875 te
752 836 818 875 vel
828 841 966 892 ingra-

131 848 635 937 titud0,vefferocitas,ve1
646 889 837 944 superbia:
852 892 970 933 deni-

131 961 210 1002 que
221 946 293 988 tibi
306 960 391 986 cum
404 947 565 1002 ingenio
585 946 624 985 ὃ(
641 943 816 985 moribus
836 959 968 1003 gentis

133 1002 296 1044 minime
309 1005 508 1042 conuenit.
539 1002 645 1053 atqui
659 999 879 1041 lufflindum
897 1000 970 1042 tibi

136 1057 331 1098 esttecum
346 1059 385 1098 &
400 1058 460 1095 vis
485 1053 781 1108 quodammodo
809 1069 969 1097 contra-

134 1115 201 1153 riis
215 1114 321 1153 voris
343 1108 543 1151 afferenda
555 1138 569 1156 ‚
587 1123 631 1150 vt
647 1112 827 1164 Spartam
853 1124 969 1165 quam

137 1168 269 1210 nactus
287 1181 325 1206 es
342 1195 355 1212 ‚
371 1166 492 1207 colas.
510 1179 592 1207 non
606 1168 711 1205 enim
737 1179 778 1205 es
792 1165 893 1207 liber
904 1179 970 1207 aut

137 1221 496 1274 tuiiuris.Denique
510 1221 566 1259 tui
578 1218 836 1266 obliuiscaris,
852 1220 878 1261 fi
899 1235 972 1262 ve-

129 1278 187 1318 ·lis
200 1278 293 1318 Deo
309 1275 463 1316 seruire.
495 1272 620 1328 Qod
630 1274 658 1315 si
671 1287 751 1315 tam
771 1274 897 1315 seuere
907 1290 974 1316 re-

139 1330 354 1386 prehendit
379 1345 447 1371 eos
465 1330 607 1371 Paulus
625 1358 638 1376 ,
666 1342 763 1382 quos
777 1333 903 1370 maior
919 1330 973 1371 sui

140 1386 253 1439 quam
269 1385 449 1427 Ecclefiae
466 1398 553 1425 cura
569 1385 770 1440 tangebat:
789 1386 903 1437 quale
914 1389 973 1425 iu-

139 1442 283 1482 dicium
301 1442 590 1493 expediantflui
607 1440 678 1479 suis
691 1442 860 1495 negotiis
879 1453 974 1493 pror

140 1495 201 1537 sus
217 1496 369 1549 abrepti
373 1495 568 1543 ,Ecclesiae
583 1492 880 1534 :edificationem
899 1507 975 1546 pro

140 1551 270 1592 n‘ihilo
283 1550 447 1592 ducunt?
461 1549 489 1589 fi
505 1563 605 1589 nunc
617 1547 868 1588 blandiuntur
887 1549 974 1596 sibi,

144 1607 254 1648 Deus
270 1618 402 1646 tamen
418 1619 497 1644 non
513 1619 523 1644 1
559 1603 705 1643 noscet.
719 1605 886 1643 Eatenus
899 1618 975 1643 con

141 1660 314 1702 cedenda
331 1657 384 1700 est
400 1659 518 1699 Eccle
537 1672 578 1699 1ae
601 1656 782 1698 ministris
798 1655 860 1697 sua
872 1671 977 1711 quae-

142 1729 232 1756 rere
245 1745 259 1763 ,
277 1728 322 1756 vt
337 1728 419 1754 non
443 1713 707 1766 impediantur
732 1712 751 1751 5
767 1711 976 1766 quaerendo

143 1769 294 1812 Christi
307 1783 450 1825 regno.
477 1768 542 1809 sed
559 1766 637 1808 hoc
654 1767 776 1807 modo
799 1769 878 1807 iam
895 1782 976 1808 non

139 1824 319 1868 dicentur
345 1827 404 1865 sua
431 1836 598 1878 quaerere
617 1839 625 1861 :
645 1825 829 1876 quoniam
845 1822 866 1862 ὰ
879 1835 978 1875 prae·

143 1884 259 1934 cipuo
296 1882 415 1932 scopo
445 1877 648 1918 aestimatur
676 1881 761 1918 vita
791 1876 977 1918 hominis.

142 1934 267 1989 Qod
299 1941 429 1974 Omnes
456 1933 552 1974 dicit
575 1961 589 1980 ‚
608 1947 689 1972 non
720 1930 899 2026 vrfenda
924 1931 980 1974 est

147 1992 338 2047 particula
363 1988 589 2030 vniuersalis
606 2016 620 2034 ‚
644 2001 689 2028 vt
704 1988 768 2027 nul
786 2001 849 2027 am
867 2002 980 2028 exce-

150 2051 330 2102 Ptionem
347 2045 542 2086 admittas.
556 2056 666 2083 crant
682 2044 784 2082 enim
799 2042 865 2082 alii
879 2055 981 2097 quo-

127 2132 130 2144 .
148 2101 363 2155 qne,qualis
376 2098 692 2152 Epaphroditus:
709 2097 771 2138 sed
784 2102 981 2150 pauci-ve-

69 2175 72 2178 *
147 2157 235 2199 rum
252 2154 433 2197 omnibus
451 2154 585 2194 tribuit
609 2151 714 2207 quod
741 2151 880 2206 passim
897 2165 984 2193 erat

149 2212 465 2269 vulgare.Q1um
478 2221 605 2249 autem
623 2207 797 2249 audimus
810 2222 982 2262 conque-

149 2281 301 2309 rentem
319 2267 481 2307 Paulum
501 2292 514 2310 ,
533 2277 651 2304 aureo
665 2264 735 2304 illo
760 2263 887 2303 seculo
904 2277 983 2316 quo

149 2327 315 2363 virtutes
329 2335 464 2362 omnes
477 2317 733 2360 effloruerunt
745 2347 759 2366 ‚
773 2331 853 2359 tam
873 2333 982 2368 raros

149 2376 259 2419 fuiss'e
272 2377 360 2417 vere*
374 2374 630 2421 cordatos,ne
642 2376 796 2414 animos
812 2372 982 2427 despon-

151 2433 308 2474 deamus
326 2460 338 2478 ,
356 2431 380 2470 fi
395 2429 514 2471 hodie
533 2430 620 2469 talis
639 2428 686 2468 fit
701 2426 984 2483 nostracon'di-

148 2492 222 2529 tio.
238 2486 393 2528 tantum
407 2483 648 2539 fibiquisque
660 2497 793 2524 caueat
810 2512 822 2530 .
840 2482 982 2531 neiure

710 50 792 97 IN
843 51 1068 97 Epistr.
1121 51 1351 97 PAVLI

1016 121 1060 162 in
1084 119 1163 163 hoc
1186 122 1370 179 catalogo
1382 120 1592 163 censeatur.
1617 119 1754 163 Velim
1774 128 1847 158 au-

1015 186 1095 215 tem
1110 169 1209 218 mibi
1219 175 1454 229 responde-‘it
1467 178 1521 217 Pa
1527 174 1628 231 pistae
1642 204 1656 223 ‚
1669 174 1738 217 vbi
1751 186 1861 213 tunc.

1017 243 1100 270 erat
1116 231 1269 272 Petrus:
1281 235 1397 283 quem
1413 235 1592 284 oportuit
1604 232 1678 272 effe
1688 231 1849 273 Romae,

1017 283 1047 324 fi
1059 299 1153 326 vera
1174 286 1247 340 ipfi
1268 297 1442 326 narrant.
1468 288 1507 327 0
1521 284 1625 326 triste
1641 290 1680 327 &
1695 282 1848 325 foedum

1017 340 1192 397 elogium
1210 341 1315 396 quod
1338 342 1398 381 illi
1412 338 1551 381 Pa‘ulus
1574 343 1757 380 inureret.
1781 334 1847 376 fa·-

1019 392 1200 436 bulantur
1221 409 1318 452 ergo
1347 406 1464 449 quum
1489 392 1645 452 fingunt
1667 389 1848 435 Ecclefiae

1019 451 1053 490 R
1062 463 1211 490 omanae
1224 464 1315 491 tunc
1327 450 1704 505 praefuisseObserua
1711 454 1758 488 τὰ
1766 454 1854 500 χρῖ-

1022 502 1067 549 ςὲ
1079 509 1212 546 vocari
1229 506 1404 546 Ecclefiae
1418 504 1714 545 :edificationem
1732 519 1741 542 ι
1759 506 1850 558 quia

1021 572 1115 601 tunc
1129 562 1219 600 vere
1237 565 1316 602 cius
1348 563 1551 617 negotium
1566 563 1717 617 agimus
1730 572 1850 613 quum

1021 613 1243 656 laboramus
1259 615 1524 656 in'excolenda
1536 618 1613 655 eius
1629 618 1760 655 vinea.

1078 685 1123 709 22
1167 671 1281 710 Parra
1299 669 1670 724 experimentumAd
1683 667 1852 710 verbum

1021 722 1077 762 est
1093 752 1107 770 ‚
1124 725 1401 778 probationem
1421 727 1500 766 eius
1525 721 1852 782 cognoscitisznifi

1023 780 1136 839 malis
1153 783 1385 833 imperatiuo
1410 780 1531 821 modo
1545 809 1558 827 ‚
1577 786 1593 828 (
1610 780 1856 836 cognoscite:

1022 845 1090 872 vix
1115 836 1220 873 enim
1250 847 1319 887 per
1343 847 1496 889 tempus
1514 864 1528 882 ,
1547 839 1856 888 experimentum

1024 900 1165 940 capere
1177 889 1363 936 licuerat)
1380 890 1441 932 sed
1458 893 1498 930 in
1510 905 1558 931 eo
1570 903 1706 943 parum
1722 888 1774 930 est
1786 903 1854 929 mo

1025 945 1162 982 menti.
1180 944 1271 983 Hoc
1286 946 1473 997 praecipue
1490 944 1704 986 notandum
1718 973 1732 993 ,
1748 942 1861 998 quod

1025 995 1119 1036 fidei
1145 1000 1185 1038 ἅ·
1209 997 1403 1038 modestiae
1439 997 1700 1040 testimonium
1730 999 1860 1040 reddit

1029 1051 1262 1093 Timotheo.
1290 1051 1380 1093 fidei
1408 1051 1460 1093 est
1484 1053 1590 1105 quod
1615 1057 1655 1093 in
1673 1057 1858 1111 Euange-

1029 1105 1121 1146 lium
1139 1104 1296 1147 testatur
1315 1106 1477 1148 seruiiss'e
1489 1108 1629 1149 secum.
1644 1110 1731 1150 talis
1749 1122 1858 1150 enim

1028 1163 1252 1202 coniunctio
1265 1162 1415 1220 figsium
1433 1176 1515 1203 erat
1529 1176 1629 1204 verae
1658 1162 1862 1205 fincerita-

1028 1218 1091 1257 tis.
1113 1214 1312 1258 Modestiae
1328 1214 1456 1258 ‘autem
1473 1245 1486 1264 ‚
1502 1217 1610 1271 quod
1628 1217 1664 1257 se
1675 1230 1862 1272 tanquam

1030 1275 1135 1324 patri
1149 1271 1321 1314 submffit
1335 1300 1350 1318 ,
1379 1274 1494 1314 Hanc
1506 1277 1691 1314 virtutem
1714 1273 1863 1315 laudari

1031 1329 1266 1366 nominatim
1280 1327 1300 1366 ἓι
1315 1328 1539 1374 Paulo,non
1559 1327 1611 1368 est
1630 1326 1866 1370 mirum.fuit

1033 1385 1136 1420 enim
1149 1380 1282 1421 seculis
1294 1381 1476 1422 omnibus
1487 1397 1587 1424 rara.
1615 1381 1752 1423 Hodie
1764 1397 1865 1436 quo-

1031 1435 1249 1489 tusquisque
1262 1440 1475 1489 reperietur
1497 1442 1675 1477 iuuenum
1693 1465 1705 1483 ‚
1725 1441 1788 1492 qui
1807 1437 1866 1478 se-

1033 1490 1207 1530 nioribus
1226 1491 1293 1531 vel
1309 1492 1505 1532 tantillum
1523 1491 1731 1533 concedat?
1758 1505 1868 1533 tanta

1034 1544 1242 1586 insolentia
1255 1548 1293 1585 in
1305 1547 1385 1587 ,illa
1402 1560 1512 1592 aetate
1537 1548 1681 1588 exultat
1694 1559 1809 1599 atque
1821 1560 1866 1586 e·

1036 1596 1165 1639 bullit.
1193 1601 1285 1640 Hoc
1299 1601 1388 1640 loco
1403 1615 1447 1642 vt
1461 1604 1590 1641 rnultis
1608 1604 1693 1642 aliis
1705 1629 1719 1646 ‚
1736 1603 1867 1641 cerni-

1036 1654 1120 1692 mus
1135 1655 1247 1707 quzim
1262 1653 1397 1695 sedulo
1421 1662 1506 1709 pios
1533 1656 1726 1697 ministros
1746 1669 1868 1696 orna-

1035 1722 1079 1747 re
1092 1708 1233 1748 Paulus
1260 1707 1408 1750 studeat
1425 1726 1435 1749 z
1452 1724 1577 1765 neque
1589 1723 1668 1752 tam
1694 1710 1868 1763 ipsorum

1036 1762 1276 1816 causa‚qu5m
1296 1763 1405 1818 quod
1421 1769 1540 1806 totius
1553 1765 1731 1805 Ecclefiae
1745 1767 1870 1806 inter-

1037 1816 1090 1857 est
1115 1820 1213 1859 tales
1230 1823 1353 1859 amari
1381 1823 1416 1861 ἃ
1442 1820 1550 1870 coli,
1568 1820 1786 1875 summique
1798 1834 1871 1862 au-

1036 1872 1228 1916 thoritate
1242 1874 1408 1927 pollere.

1093 1943 1143 1979 24
1204 1927 1351 1976 Confido
1367 1928 1467 1981 qubd
1476 1929 1563 1983 ἱρῇ.
1606 1930 1699 1971 Hoc
1713 1945 1869 1985 quoque

1038 1982 1181 2025 adiecit
1198 2012 1212 2031 ‚
1238 1998 1287 2024 ne
1315 1997 1494 2037 putarent
1509 1984 1656 2039 aliquid
1673 1986 1872 2035 accidiss'ej

1040 2038 1142 2093 quod
1160 2037 1540 2092 profeffiomsssuius
1558 2045 1660 2093 prius
1678 2045 1872 2081 memine-

1040 2107 1100 2134 rat
1115 2125 1129 2144 ‚
1144 2093 1344 2134 confilium
1362 2108 1528 2137 mutaret
1548 2095 1722 2148 :semper
1736 2110 1869 2138 tamen

1041 2148 1108 2190 sub
1130 2148 1363 2190 conditione
1389 2150 1562 2202 loquitur
1580 2180 1594 2197 ,
1622 2153 1660 2191 Si
1688 2152 1872 2194 Domino

1040 2204 1242 2258 placuerit.
1257 2206 1364 2244 Nam
1376 2204 1445 2246 etsi
1462 2204 1734 2246 liberationem
1748 2206 1767 2245 ὰ
1780 2207 1874 2247 Do-

1043 2263 1151 2299 mino
1178 2257 1383 2312 sperabat,
1409 2259 1574 2300 diximus
1602 2275 1733 2301 tamen.
1750 2289 1763 2307 ‚
1781 2265 1873 2314 quia

1044 2315 1150 2354 nulla
1166 2327 1248 2354 erat
1270 2326 1375 2356 certa
1390 2316 1597 2367 promissio
1616 2344 1630 2362 ,
1649 2315 1750 2355 hanc
1764 2315 1872 2369 spem

1045 2369 1202 2409 minime:
1229 2368 1335 2409 suiss‘e
1348 2369 1462 2408 fixam
1478 2399 1491 2417 ,
1507 2370 1568 2411 sed
1586 2371 1690 2423 quafi
1715 2369 1871 2426 suspen·

1045 2423 1122 2466 sam
1138 2438 1184 2464 ex
1195 2437 1339 2465 arcano
1354 2425 1434 2465 Dei
1449 2426 1627 2469 consilio.

213 2603 277 2646 25
343 2572 499 2634 Porri>
510 2573 839 2650 necessarium
854 2573 1137 2647 existimaui
1160 2567 1516 2654 Epaphroditi
1531 2570 1762 2645 fratrem
1776 2609 1791 2630 ‚
1809 2573 1875 2634 &⁸

154 2666 506 2745 cooperarium,
525 2665 588 2724 (ῤ’
606 2653 1482 2736 commilitonem}meum,Apostolum
1495 2670 1666 2710 autem
1684 2649 1877 2725 vestra,

155 2753 219 2813 ὠ
233 2743 506 2814 minzstrum
522 2743 843 2814 neceſsitatis
857 2736 967 2796 m'e'ae
980 2736 1186 2807 {ninere
1203 2736 1275 2794 ad
1287 2759 1398 2792 vos.

211 2830 274 2885 26
337 2821 773 2921 Qndoquidem
801 2815 1122 2897 defidefkbat
1135 2841 1229 2876 vos
1262 2837 1426 2874 omnes
1440 2858 1455 2878 ‚
1476 2821 1539 2882 (ᾤ’
1555 2834 1669 2872 erat
1696 2817 1880 2872 anxius

688 2900 700 2920 ἱ

153 2916 595 2989 animt‚pr0pterea
613 2904 749 2980 qnod
758 2896 1219 2985 audieratisssipsttm
1236 2895 1723 2978 i7firmatumfmffe.

215 3015 281 3057 27
336 2994 423 3045 'Et
435 2981 571 3043 cert&
589 2987 1074 3062 infirmatusfuit‚vt
1091 2984 1212 3060 effer
1226 2986 1379 3040 morti
1395 2986 1610 3037 vicinus.
1618 2977 1720 3054 fid
1732 2983 1882 3034 Deus

157 3080 394 3155 misertus
410 3070 476 3145 est
490 3069 801 3145 illium-neque
817 3065 1229 3147 illiusfhlitmstd
1244 3070 1400 3135 etiam
1416 3068 1515 3122 mei
1531 3087 1548 3118 .-
1566 3081 1633 3118 vt
1645 3085 1706 3122 ne
1720 3065 1795 3117 tri
1838 3061 1882 3112 i·

1785 3142 1885 3182 tiam
