1980 3338
0 0 175 76 &1⁵4qu

66 42 71 48 ι
126 33 135 47 9

147 151 157 157 .
231 126 233 129 “
297 119 401 166 Scire
444 128 570 159 auem
612 122 693 160 ὕοι.
747 121 807 163 Ex
818 123 994 175 petimur

172 180 175 183 '
275 179 345 217 sin
364 174 482 218 nobis
495 188 738 229 quantopere
751 175 873 218 soleat
885 176 992 218 offen

143 226 296 271 dicato
311 229 538 273 humilitate
547 233 685 272 crucis.
712 230 887 272 Patimur
903 235 992 286 qui-

147 281 243 324 dem
271 284 386 327 nobis
415 282 617 327 Christum
646 285 849 340 predicari
865 290 992 329 eruci—

151 335 274 379 fixum
293 355 304 379 ε
325 339 389 383 sed
400 340 469 381 vbi
483 353 570 381 cuni
583 340 646 381 sua
672 355 787 382 cruce
808 354 991 395 apparet,

150 394 260 445 quasi
273 397 450 437 nouitate
461 395 627 450 perculsi
640 423 656 443 ‚
666 397 733 437 vel
756 395 990 454 refugimus,

147 448 216 489 vel
229 448 578 504 horremusareque
589 450 628 492 id
643 452 767 492 titum
780 454 822 493 in
849 453 988 494 nostris

140 502 411 556 perforans&
423 505 519 546 eoru
531 514 686 561 quoque
698 510 763 560 qui
778 507 892 548 nobis
908 511 987 548 Eu-

147 559 352 616 angelium
377 560 547 602 tradunt.
566 555 797 603 ldaceidere
825 562 988 616 Philip-

152 612 332 665 pentibus
347 627 520 669 poterat,
531 629 578 656 vt
591 615 776 668 Apostoli
790 616 841 658 sui
857 618 985 670 perse-

178 673 337 713 uutione
348 669 537 712 nonnihil
550 669 880 714 deficerentur.Et
897 688 986 714 cre·—

144 679 268 765 xibile
281 722 336 764 est
348 726 472 767 malos
498 729 697 778 operarios
717 733 781 781 qui
810 731 986 769 minimis

145 777 361 832 quibusque
379 781 549 822 nocendi
565 783 835 824 occasionibus
848 786 983 824 immi-

144 831 310 880 nebant,
325 847 404 875 non
422 837 574 878 cessasse
587 842 679 890 quin
695 837 812 878 saneti
824 842 900 878 viri
915 854 983 879 ca-

143 887 317 930 lamitati
333 890 623 938 insultarent,ac
638 894 727 934 inde
758 893 982 946 conceptibi‘

139 942 398 985 lereddcrent
412 950 490 987 eius
511 949 782 1006 Euangelium.
812 948 937 1003 Qod
954 947 982 988 si

141 996 247 1039 nihil
266 997 342 1040 hac
369 1005 434 1041 via
461 1002 703 1055 proficerent
718 1033 731 1050 ,
749 1016 977 1056 promptum

141 1066 225 1094 erat
237 1056 466 1097 calumniari
481 1057 622 1110 ipsum,
640 1058 747 1111 quod
761 1071 837 1099 toti
866 1071 982 1096 mun-

136 1107 190 1148 do
205 1110 343 1154 inuisus
363 1111 454 1152 esset
473 1128 483 1151 ι
502 1111 692 1167 simulque
721 1110 979 1152 formidinem

139 1165 302 1205 iniicere
314 1158 649 1219 Philippensibus,
667 1181 716 1206 ne
729 1166 800 1207 fibi
814 1162 979 1205 infausta

135 1216 323 1260 societate
336 1222 557 1262 conflarent
578 1220 722 1272 absque
734 1218 843 1259 causa
854 1221 977 1274 ingen

134 1284 217 1312 tem
232 1275 376 1316 inuidia
393 1276 495 1328 apud
509 1289 662 1329 omnes.
682 1273 767 1312 sunt
781 1276 884 1312 enim
899 1272 976 1312 istae

133 1327 281 1369 vsitatae
297 1332 442 1369 Satanae
457 1343 573 1369 artes.
594 1331 697 1368 Huic
713 1328 889 1380 periculo
904 1343 976 1368 oc-

135 1388 256 1424 currit
268 1382 590 1435 Apostoltis‚dum
607 1383 681 1424 suis
698 1384 865 1423 vinculis
879 1395 976 1428 pro-

131 1439 284 1478 uestum
313 1436 424 1478 fuisse
450 1438 709 1494 Euangelium
724 1452 977 1479 commemo-

130 1494 313 1531 rat-Finis
330 1507 427 1549 ergo
442 1493 555 1533 huius
569 1496 805 1534 narrationis
838 1492 908 1538 est,
927 1507 974 1534 vt

128 1544 406 1599 Philippenses
421 1552 571 1589 animet
591 1577 605 1595 ,
623 1564 672 1590 ne
686 1547 974 1589 absterreantur

130 1600 195 1641 sua
208 1601 521 1654 persequutione.

98 1694 102 1698 .
188 1671 222 1710 ¹3
265 1659 333 1703 th
352 1656 511 1700 'vinc-,ula
525 1671 616 1697 mea,
648 1659 694 1694 In
725 1653 872 1710 Christo
898 1669 974 1709 po-

130 1710 296 1764 suit,pro
310 1716 355 1753 ln
370 1713 619 1771 negotio‚vel
634 1716 672 1751 in
686 1710 973 1752 eausachri'sti.

127 1765 323 1823 significat
342 1783 445 1810 enim
462 1767 619 1808 illustria
634 1765 742 1808 fuisl‘e
755 1766 815 1806 sua
835 1770 970 1807 vincu-

125 1821 162 1861 la
175 1821 223 1861 ad
243 1823 539 1875 prouehenduni
577 1821 728 1864 Chnsti
761 1823 971 1863 honorem.

127 1877 254 1930 Qud
282 1880 402 1932 aliqui
432 1891 500 1931 per
522 1877 723 1920 Christum
751 1891 966 1931 exponunt:

125 1935 303 1972 coactum
344 1934 515 1975 videtur.
551 1936 602 1975 Et
640 1931 816 1985 Illustriae
855 1933 975 1974 malui

124 1988 238 2040 quam
257 1987 483 2036 Manifesta,
502 2002 645 2042 vtpote
671 2002 751 2042 quae
783 1990 971 2044 Euange-

121 2042 220 2083 lium
238 2043 296 2084 sna
311 2042 414 2085 sarna
431 2044 738 2087 nobilitauerint.
759 2042 834 2082 acsi
859 2043 971 2083 dice-

119 2101 319 2144 ret,Satan
332 2099 490 2153 quidem
508 2099 585 2140 hoc
600 2111 764 2139 conatus
779 2096 847 2143 est,
865 2101 969 2137 &im

120 2155 176 2244 pii
220 2151 308 2193 fore
337 2168 523 2207 putarunt
553 2167 597 2194 vt
623 2152 881 2208 Euangeliurh
899 2151 971 2191 de-

140 2205 345 2248 lruerctur:
367 2210 426 2249 sed
445 2209 553 2248 Deus
573 2221 652 2247 ram
671 2209 772 2248 illius
791 2219 971 2253 conatus,

121 2263 234 2311 quarn
256 2262 361 2314 spem
384 2264 528 2304 horum
547 2261 749 2301 frustratus
765 2261 832 2301 est.
850 2260 968 2314 idque

120 2315 332 2368 dupliciter
362 2336 371 2356 ε
416 2332 505 2358 narn
548 2332 665 2370 quum
708 2318 968 2373 Euangelium

119 2385 208 2411 ante
227 2372 432 2413 obscurum
451 2378 488 2414 ὅ(
508 2377 689 2429 ignotum
708 2370 800 2412 ess‘et
815 2375 965 2418 multis,

121 2424 264 2466 factum
296 2427 349 2468 est
373 2442 417 2468 vt
447 2429 712 2468 innotesceret
729 2444 737 2466 ι
774 2434 897 2480 neque
927 2427 968 2468 id

121 2482 333 2527 modbsed
349 2487 467 2524 etiam
485 2497 530 2523 vt
547 2481 798 2522 illustraretur
828 2496 907 2520 ram
926 2486 965 2522 in

119 2541 309 2589 praetorio
324 2539 436 2590 qudm
454 2542 493 2578 in
511 2540 659 2590 reliqua
675 2537 787 2577 vrbe.
823 2542 967 2575 Prata-

118 2591 218 2628 rium
233 2597 386 2646 accipio
415 2607 487 2646 pro
516 2595 600 2633 aula
632 2595 669 2632 ὃ(
698 2594 845 2645 palatio
879 2593 967 2631 Ne-

118 2651 225 2686 ronis
241 2677 254 2693 ‚
273 2648 376 2701 quod
388 2648 531 2689 Fabius
550 2652 587 2690 &
607 2653 726 2688 atatis
755 2647 854 2687 illius
872 2646 967 2686 scri-

119 2714 252 2756 ptores
276 2718 425 2744 vocant
453 2701 678 2760 Augustalc.
708 2705 817 2743 Nam
848 2716 965 2755 quum

119 2757 303 2798 Praetoris
319 2772 464 2799 nomen
493 2757 679 2814 generale
708 2757 802 2797 esset
831 2760 965 2802 initio,

115 2826 161 2850 ac
181 2811 425 2866 magistratus
453 2827 593 2854 omnes
624 2811 863 2866 significaret
897 2815 961 2865 qui

116 2872 352 2920 pracipnurn
371 2873 422 2909 im
459 2880 580 2908 eriurn
604 2867 830 2912 haberent(
858 2866 963 2906 vnde

118 2920 260 2961 fastum
276 2922 328 2963 est
346 2939 388 2964 vt
453 2923 777 2967 ictatorfummns
810 2923 960 2962 Praetor

113 2977 308 3017 diceretur
319 2979 474 3020 >mansit
491 2978 633 3018 deinde
647 2976 904 3021 consuetudm
918 2990 961 3016 vt

117 3030 347 3074 Praetorinm
365 3047 574 3074 vocaretur
592 3035 629 3072 in
649 3032 755 3073 bello
776 3032 961 3075 taberna-

113 3089 241 3129 culum
261 3091 325 3131 vel
344 3086 546 3136 Consulis,
559 3089 624 3131 vel
643 3093 721 3131 tius
743 3091 806 3142 qui
839 3099 963 3140 prae·

762 53 858 96 An
918 41 1266 98 Partitis.
1315 55 1338 90 η

1047 122 1169 162 rata'n
1180 120 1280 163 vrbe
1291 134 1424 167 autem
1436 119 1627 179 palatium
1639 122 1803 167 Caefiris
1814 153 1830 173 ‚
1845 138 1893 168 ext

1048 187 1129 228 quo
1145 177 1420 222 monarchiam
1438 181 1610 223 Caesares
1631 184 1890 234 occuparunt.

1046 231 1196 285 alioqui
1210 233 1442 278 Praetorr'um
1456 239 1575 279 etiam
1602 247 1769 278 vocatur
1789 250 1892 278 con·

1045 284 1159 329 sessus
1177 287 1378 330 Praetoris.

1102 355 1147 393 ¹4
1202 340 1326 381 Multi
1339 357 1387 383 ex
1394 341 1607 396 fratribus.
1638 345 1735 388 Hoc
1747 361 1888 390 exem-

1043 395 1114 448 plo
1138 395 1328 439 docemur
1355 428 1370 446 ,
1396 398 1615 443 saridim-um
1654 405 1887 445 vexationes

1045 464 1137 504 quas
1152 465 1225 506 pro
1241 454 1461 519 Euangelio
1475 459 1673 509 patiuntur
1691 486 1708 503 ,
1723 459 1890 501 materia

1043 505 1159 546 nobis
1174 507 1251 548 ess‘e
1262 508 1424 550 fiducia.
1448 511 1552 552 Esset
1578 510 1737 566 quidem
1768 517 1889 556 terri,

1044 559 1121 601 bile
1137 562 1411 615 spectabamus,
1429 569 1468 607 ἀ
1482 565 1588 620 quod
1606 570 1737 619 potius
1748 569 1799 610 ad
1811 584 1887 611 nos

1041 618 1322 659 exanimandos
1347 623 1498 662 valeret
1514 651 1525 668 ,
1539 620 1566 660 sl
1581 620 1771 664 duntaxat
1796 637 1889 679 per-

1040 669 1288 724 sequutorum
1307 674 1486 718 saeuitiam
1503 680 1542 717 ὅ(
1556 675 1706 717 rabiem
1721 678 1881 721 videre·
1931 704 1939 711 ·

1041 735 1138 766 mus.
1168 727 1243 770 Sed
1267 728 1359 770 dum
1390 731 1503 771 simul
1544 745 1713 785 apparet
1742 747 1880 775 manus·

1040 780 1211 823 Domini
1241 797 1323 835 quae
1338 784 1403 825 sub
1417 786 1649 828 infirmitate
1660 791 1785 828 crucis
1797 789 1883 831 suos

1040 836 1170 878 reddit
1182 840 1411 888 inui&0s‚ae
1425 841 1673 894 triumphare
1690 840 1884 887 facitthac

1040 889 1239 945 freti‚plus
1253 894 1369 936 solito
1382 896 1524 937 audere
1535 894 1819 943 debemus‚iam
1839 903 1882 941 in

1039 947 1206 997 persona
1221 946 1386 1001 fratrum
1403 953 1544 1007 pignus
1560 952 1732 991 victoria
1746 953 1884 996 nostrae

1039 998 1246 1041 habentes.
1275 1003 1400 1043 Huius
1425 1009 1582 1062 agnitio
1609 1008 1793 1048 timorem
1807 1024 1884 1050 no·

1037 1051 1155 1095 strum
1171 1049 1290 1096 debet
1303 1060 1465 1100 vincere
1478 1087 1493 1106 ,
1506 1074 1552 1100 vt
1565 1063 1605 1100 in
1619 1059 1760 1102 mediis
1774 1067 1884 1116 peri·

1036 1109 1134 1147 culis
1151 1109 1350 1162 intrepide
1365 1114 1584 1166 loquamur.

1084 1176 1123 1211 ¹5
1182 1164 1375 1202 Nonnulli
1402 1166 1569 1218 quidem.
1601 1168 1712 1208 Alius
1737 1168 1883 1212 fructus

1035 1216 1285 1257 vinculorum
1301 1221 1540 1274 Pau11‘‚qur?>d
1554 1239 1637 1264 non
1652 1224 1724 1264 soli
1742 1223 1883 1266 fratres

1033 1270 1308 1312 animabantur
1320 1275 1367 1315 ad
1383 1275 1669 1325 fiduciam,eius
1683 1282 1883 1334 exemplo:

1035 1328 1074 1365 ὅ(
1090 1325 1246 1378 quidem
1260 1330 1329 1369 alii
1346 1343 1391 1371 vt
1417 1330 1562 1374 starent
1578 1336 1617 1373 in
1667 1333 1762 1374 radu
1776 1362 1789 1381 ,
1815 1338 1884 1378 alii

1037 1393 1082 1420 vt
1094 1381 1144 1420 ad
1173 1382 1396 1425 docendum
1412 1388 1624 1429 alacriores
1636 1347 1776 1429 {erent
1794 1406 1803 1429 :
1818 1390 1885 1432 sed

1033 1438 1151 1476 etiam
1173 1442 1238 1489 qui
1255 1441 1288 1478 ei
1305 1442 1405 1481 male
1418 1442 1610 1484 volebant
1625 1474 1637 1492 ‚
1656 1445 1737 1485 alio
1754 1445 1883 1486 confi-

1031 1489 1089 1531 lio
1103 1492 1368 1536 incitabantur
1381 1496 1429 1539 ad
1446 1498 1726 1552 publicandum
1750 1501 1884 1542 Euan·

1029 1547 1181 1602 gelium

1083 1607 1125 1642 16
1183 1600 1287 1641 Alii
1299 1600 1471 1656 inquam,
1493 1619 1540 1643 ex
1556 1610 1796 1650 contentione.
1825 1611 1880 1649 E-

1032 1658 1240 1714 pexegesis
1257 1673 1331 1712 qua
1345 1662 1501 1713 plenius
1534 1661 1773 1715 superiorem
1790 1665 1879 1705 sen·

1034 1715 1197 1753 tentiam
1217 1712 1404 1756 declarat.
1426 1719 1576 1770 repetit
1593 1721 1695 1758 enim
1714 1719 1791 1760 duo
1804 1720 1882 1761 esl'e

1030 1781 1181 1823 genera
1194 1767 1405 1810 hominum
1433 1776 1498 1824 qui
1527 1771 1597 1812 suis
1632 1776 1801 1818 vinculis
1829 1774 1881 1817 ad

1033 1822 1237 1864 Christum
1251 1827 1562 1868 annuntiandum
1575 1830 1804 1870 incitentur.
1818 1831 1880 1870 A-

1031 1878 1106 1917 lios
1122 1883 1381 1920 contentione
1397 1882 1650 1934 impelli,hoc
1666 1883 1734 1930 est,
1753 1894 1878 1939 prauo

1030 1932 1285 1973 affeetuzahos
1300 1939 1366 1987 pio
1386 1935 1512 1988 studio
1531 1965 1543 1983 ‚
1557 1941 1645 1991 quia
1659 1942 1784 1981 velint
1801 1941 1880 1982 vna

1033 1987 1224 2042 suscipere
1250 1990 1754 2046 Euangeliidefensionem.
1778 1998 1877 2037 Illos

1029 2041 1129 2084 dicit
1159 2058 1238 2083 non
1270 2048 1361 2096 pure
1393 2051 1628 2089 annuntiare
1654 2049 1874 2092 Christum:

1029 2102 1116 2149 qnia
1133 2113 1213 2137 non
1246 2113 1328 2144 erat
1343 2102 1469 2140 rectus
1494 2103 1613 2143 zelus.
1632 2110 1877 2158 nequeenim

1029 2152 1108 2192 hoc
1125 2157 1299 2206 pertinet
1310 2153 1357 2194 ad
1375 2153 1702 2213 derinamtquia
1717 2160 1804 2202 fieri
1823 2176 1877 2216 po

1029 2205 1099 2247 test
1115 2223 1157 2248 vt
1173 2212 1237 2262 qui
1257 2210 1456 2261 purissime
1469 2211 1588 2253 docet
1615 2243 1630 2260 ‚
1660 2217 1799 2258 nonsit
1812 2231 1875 2261 ta·

1029 2277 1119 2303 men
1149 2263 1299 2305 sincero
1315 2272 1465 2306 animo.
1495 2267 1625 2320 Qud
1652 2284 1782 2312 autem
1797 2276 1875 2313 irn-

1028 2321 1177 2370 puritas
1193 2319 1276 2359 haec
1290 2348 1302 2365 ‚
1318 2322 1439 2360 animi
1453 2319 1577 2362 fuerit
1594 2352 1607 2370 ‚
1627 2322 1666 2366 ὃ(
1691 2341 1772 2367 non
1797 2342 1877 2383 ap-

1027 2378 1202 2425 paruerit
1218 2377 1257 2414 in
1275 2373 1671 2436 do&rina‚colligere
1701 2376 1797 2423 licet
1827 2392 1879 2425 et

1028 2442 1228 2468 contextu.
1246 2430 1387 2470 Paulus
1402 2433 1506 2472 certe
1525 2448 1603 2473 non
1623 2433 1795 2477 libenter
1809 2442 1876 2479 vi-

1026 2482 1140 2524 disset
1171 2484 1429 2542 Euangelium
1455 2485 1681 2530 adulterari.
1712 2497 1820 2547 atqui
1837 2494 1875 2534 se

1026 2538 1197 2594 gaudere
1209 2539 1367 2580 testatur
1381 2542 1662 2594 pradicatione
1686 2544 1846 2589 istorum
1858 2577 1874 2595 ,

1027 2608 1106 2632 non
1126 2594 1289 2647 simplici
1305 2611 1378 2635 nec
1393 2596 1555 2639 sincera.
1583 2599 1654 2640 Sed
1687 2606 1869 2654 quaritur

1027 2648 1230 2697 quomodo
1245 2664 1386 2691 nocere
1401 2645 1460 2693 illi
1478 2659 1651 2706 potuerit
1667 2659 1757 2698 talis
1774 2672 1876 2713 prae-

1024 2703 1188 2744 dicatio.
1204 2700 1463 2758 Respondeo,
1483 2709 1670 2761 plurimas
1697 2715 1874 2755 occasio-

1026 2772 1092 2797 nes
1111 2752 1225 2799 nobis
1239 2759 1314 2800 esse
1333 2763 1576 2820 incognitas,
1593 2769 1659 2819 qui
1688 2766 1873 2823 tempori}

1021 2812 1316 2855 circunstantias
1347 2826 1427 2856 non
1454 2830 1645 2861 tenemus.
1673 2821 1871 2878 Qaeritur

1024 2868 1265 2919 rursum,qnii
1277 2874 1504 2914 annuntiari
1522 2889 1692 2930 nequeat
1708 2879 1870 2937 Euange

1022 2923 1116 2963 lium
1139 2926 1208 2964 nifi
1226 2920 1275 2964 ab
1289 2927 1603 2984 intelligentibus
1616 2960 1630 2978 ,
1659 2946 1741 2984 quae
1759 2936 1869 2977 causa

1021 2976 1110 3018 istos
1126 2979 1326 3031 impulerit
1339 2981 1385 3021 ad
1402 2985 1756 3038 persequendffqua
1772 3003 1869 3041 pro-

1021 3031 1166 3074 babant
1181 3036 1782 3091 do&rinam.Respondeo‚caeca‘
1794 3045 1868 3086 esse

1018 3089 1281 3132 ambitionem
1298 3089 1425 3147 ‚fumo
1451 3095 1648 3138 rabiosam
1680 3098 1864 3142 belluam:
