1980 3338
177 40 258 87 720

121 98 410 142 resurreetione
423 89 507 149 spes
518 89 681 136 fundata
694 93 761 136 est:
777 109 869 136 nam
883 110 961 136 vn-

125 156 246 209 dique
256 167 362 193 mors·
393 166 465 190 nos
488 148 655 190 obfidet.
681 151 818 204 Itaque
835 151 972 191 nifiin‘

127 206 330 253 Christum
365 204 556 257 respicere
582 203 772 245 discamus
801 205 961 262 fingulis

126 258 575 308 momentis,concident
591 258 706 299 nobis
717 262 854 300 animi.
882 262 963 301 Ea-

123 318 219 361 dem
245 319 400 356 ratione
412 312 602 353 admonet
615 313 819 354 Christum
834 314 854 353 ὲ
865 315 961 355 caelo

124 372 203 414 esse
215 368 494 424 expe&andum
515 383 524 405 ε
542 370 631 419 quia
644 368 746 408 nihil
759 372 799 410 in
813 369 961 410 mundo

125 428 368 480 reperiemus
385 420 492 476 quod
510 437 582 460 nos
596 420 879 471 sustineat‚sunt
892 437 959 465 au-

125 489 210 523 'tem
233 479 394 520 infinitae
420 478 659 517 tentationes
682 493 762 532 quae
778 495 850 520 nos
869 495 962 520 exa-

123 537 292 579 nimem.
321 533 415 574 Alia
431 545 586 588 quoque
603 532 875 577 circunstantia
885 550 962 576 no-

586 22 673 71 IN
728 22 948 71 Epis-r.
997 25 1228 71 PAVLI

1723 63 1735 77 Ι

1016 95 1136 137 tanda
1148 97 1214 136 est.
1243 110 1335 138 nam
1353 97 1442 152 quia
1458 92 1500 137 in
1523 93 1629 138 hunc
1651 90 1772 141 finem
1785 96 1867 140 rei·

1017 151 1179 191 surrexit
1193 154 1228 193 C
1233 152 1436 202 hristus‚vt
1448 151 1616 191 eiusdem
1627 153 1765 208 gloriae
1779 169 1854 195 nos

1017 220 1156 246 omnes
1173 207 1332 247 tandem
1350 207 1551 248 consortes
1567 206 1686 248 faciat
1699 213 1764 262 qui
1790 208 1855 249 su-

1017 274 1101 300 mus
1114 265 1193 301 eius
1212 262 1389 302 membra
1406 278 1415 301 :
1432 260 1626 318 fignificat
1637 263 1856 316 Paulu5‚ir-

1018 318 1135 356 ritam
1147 314 1238 356 fore
1255 317 1573 358 resurreetionern
1594 346 1608 363 ,
1626 317 1853 359 nifiiterum

1017 373 1206 423 appareat
1219 371 1371 414 suorum
1384 371 1615 423 redemptor
1629 399 1643 418 ,
1660 369 1855 412 fruetiim-

1018 440 1093 479 que
1108 430 1147 466 &
1161 425 1337 467 effectum
1366 432 1445 467 eius
1472 440 1587 479 quam
1614 429 1656 466 in
1684 425 1721 467 se
1737 427 1856 468 exhi-

1017 479 1102 520 buit
1114 485 1269 523 virtutis
1272 511 1287 531 ,
1303 482 1356 524 ad
1372 495 1501 524 totum
1516 480 1696 522 Ecclefiae
1712 493 1856 536 corpus

1016 536 1216 578 extendam

862 646 899 686 C
918 644 957 684 A
971 645 1017 685 P.
1076 647 1096 686 I
1109 648 1141 686 I.

127 742 151 781 1
285 721 326 775 P
317 719 373 796 st
382 720 512 776 enim
522 717 1043 798 nostisfsatres,qubd
1050 725 1290 803 ingreffits
1301 726 1463 799 noster
1475 725 1549 784 ad
1565 749 1678 790 vos,
1698 707 1796 782 *non
1810 728 1856 780 i-

278 803 424 859 nanis
423 802 615 876 fuerit.-

189 907 221 942 2
286 879 399 945 Imb
417 879 1140 968 quddpefiquutionempafii
1151 929 1166 949 ,
1200 887 1453 970 &probro
1468 890 1640 967 affebh'
1657 890 1857 970 Philip-

123 966 509 1054 pis(vtscit11s)
519 965 1072 1050 fiduciamfitmpstmus
1086 974 1138 1026 in
1156 975 1273 1025 Deo
1286 971 1710 1054 nostroprqferb‘di
1723 968 1864 1054 apud

133 1075 230 1109 vos
249 1055 585 1129 Euangelinm
600 1053 841 1112 Dei,cum
855 1055 1008 1107 multo
1024 1057 1316 1109 certamine.

193 1156 223 1202 3
288 1139 451 1191 Nam
467 1133 755 1189 exhortatio
767 1134 1043 1207 nostraston
1056 1154 1120 1193 ex
1134 1140 1238 1217 imp
1244 1135 1583 1213 osturaffleque
1598 1158 1663 1193 ex
1675 1137 1862 1192 immun

137 1214 451 1291 ditiasteque
466 1220 517 1270 in
531 1214 655 1271 dolo.

198 1320 240 1366 4
303 1297 407 1355 Sed
417 1294 834 1373 quemadmodum
854 1297 1065 1378 probati
1077 1297 1276 1373 fuimus
1292 1297 1326 1356 ἐι
1345 1306 1461 1357 Deo
1477 1318 1542 1356 vt
1574 1292 1864 1356 crederetur

132 1379 280 1439 nobis
298 1381 735 1458 Euangelz'um,stc
750 1378 1114 1459 loquimnrston
1125 1384 1271 1459 quast
1279 1382 1558 1439 hominibus
1577 1386 1864 1464 placentes,

127 1462 230 1539 fid
244 1465 361 1519 Deo
380 1462 662 1544 quiprobat
676 1462 829 1518 corda
842 1462 1022 1533 nostra.

198 1578 214 1604 1
269 1561 346 1616 Ipsi
361 1564 458 1602 enim
469 1561 591 1619 nostis.
649 1566 767 1603 Nunc
783 1562 918 1603 omiss'o
930 1579 975 1604 a-

75 1628 78 1629 ’
138 1619 279 1660 liarum
295 1619 552 1660 Ecclefiarum
568 1617 792 1658 testimonio
810 1647 822 1663 ‚
836 1622 875 1657 in
890 1633 975 1658 me-

135 1675 265 1715 moria
289 1688 448 1715 reuocat
467 1672 871 1713 Thess'alonicenfibus
895 1682 975 1725 quae

144 1729 220 1782 ipfi
233 1733 384 1784 experti
399 1743 528 1775 erant,
542 1744 585 1767 ac
600 1727 713 1767 fufius
725 1729 886 1780 exponit
901 1742 975 1780 qua

138 1784 231 1824 liter
261 1785 299 1825 se
316 1785 473 1842 gesserit
488 1782 590 1836 apud
606 1786 729 1828 eOS‚&
743 1781 917 1821 fimih‘ter
932 1797 975 1822 a-

137 1839 184 1878 lii
205 1838 281 1880 duo
297 1841 567 1896 collegaezquia
584 1837 661 1877 hoc
678 1838 886 1889 plurimum
902 1837 976 1877 ha-

136 1891 261 1935 bebat
286 1894 471 1946 ponderis
495 1893 544 1933 ad
571 1891 880 1932 confirmandam
907 1906 976 1933 eo²

137 1960 227 1989 rum
244 1948 378 1990 fidem.
393 1952 499 1989 Nam
527 1948 605 1987 hoc
619 1948 781 1988 confilio
799 1948 899 1986 suam
914 1950 978 1987 inr-

135 2007 365 2061 tegritatem
381 2003 579 2057 pra-dicat,
591 2017 636 2043 vt
654 2002 979 2042 Thessalonicen-

140 2057 198 2098 ses
217 2059 254 2099 se
266 2059 319 2099 no
335 2073 411 2099 tam
431 2059 480 2098 ab
509 2058 672 2098 homine
691 2059 849 2098 mortali
865 2058 977 2110 quim

142 2113 166 2154 ἑ
179 2115 272 2155 Deo
288 2144 300 2161 ,
318 2114 366 2154 ad
396 2114 514 2154 fidem
538 2112 647 2153 fuisse
662 2126 826 2153 vocatos
850 2127 980 2170 agno-

141 2168 264 2209 scant.
289 2171 400 2209 Dicit
434 2184 530 2225 ergo
548 2168 651 2208 suum
669 2168 718 2208 ad
731 2183 797 2208 eos
827 2168 979 2223 ingres-

142 2222 225 2262 sum
241 2240 320 2264 non
334 2223 675 2264 fujss'einanemxt
685 2223 882 2263 ambitiosi
902 2223 980 2263 ho-

143 2281 271 2319 mines
289 2280 449 2318 multum
465 2292 618 2332 pompae
637 2277 979 2331 ostendunt,quum

141 2333 249 2373 nihil
266 2333 437 2374 habeant
455 2333 580 2374 solidi:
594 2348 683 2373 nam
700 2334 810 2370 inane
827 2334 980 2374 Αᾶυο-

145 2387 189 2427 so
205 2388 271 2429 hic
286 2393 465 2441 opponit.
483 2389 632 2429 Probat
648 2388 725 2428 hoc
740 2388 889 2428 duobus
915 2404 979 2429 ar-

144 2447 465 2498 gumentiS.prius
484 2444 535 2482 est
551 2443 658 2496 quod
672 2443 870 2497 Philippis
888 2456 981 2496 per-

144 2501 388 2550 sequtionem
408 2502 446 2539 ὅ(
469 2502 728 2551 ignominiam
746 2498 980 2540 sustinuerat.

142 2554 310 2595 alterum
328 2582 341 2599 ,
358 2553 465 2606 quod
483 2553 765 2593 Theffalonicae
792 2569 980 2610 magnum

143 2620 347 2649 certamen
371 2623 543 2662 paratum
563 2622 658 2648 erat.
691 2612 838 2648 Scimus
860 2616 983 2665 igno—

146 2665 271 2704 minia
288 2665 324 2702 &
343 2663 675 2717 persequtionibus
702 2663 898 2705 debilitari
912 2694 925 2712 ,
940 2680 984 2705 a·

145 2717 303 2770 deoque
332 2721 484 2770 penitus
512 2716 644 2775 frangi
678 2718 883 2759 hominum
897 2724 986 2761 ani·

148 2787 252 2813 mos.
270 2773 459 2812 Diuinum
486 2775 614 2827 itaque
629 2786 726 2825 opus
756 2772 856 2821 fuit,
875 2775 985 2828 quod

148 2829 295 2869 Paulus
309 2829 426 2866 variis
446 2829 556 2867 malis
587 2832 624 2867 &
656 2831 873 2884 ignominia
886 2829 985 2870 affe-

150 2885 249 2930 Ctus,
261 2881 363 2935 quasi
376 2884 544 2938 integer,
564 2897 747 2938 magnam
765 2887 802 2923 ὃς
819 2886 985 2937 opulen-

147 2952 231 2980 tam
246 2937 383 2979 vrbem
400 2937 560 2993 aggredi
588 2953 665 2976 non
699 2937 892 2980 dubitauit
907 2968 921 2986 ,
939 2953 986 2980 vt

148 2997 231 3034 eius
259 2992 446 3045 populum
475 2990 633 3030 Christo
657 2991 878 3048 subiugaret
896 3024 905 3034 .
938 2997 985 3034 In

149 3047 234 3100 ,hoc
258 3045 431 3106 ingressu
465 3046 567 3086 nihil
593 3048 759 3087 cernitur
779 3047 884 3102 quod
912 3063 986 3090 va-

1032 1577 1123 1603 nam
1140 1561 1441 1605 ostentationem
1454 1564 1644 1604 redoleat.
1669 1567 1715 1604 In
1730 1563 1866 1604 secun-

1032 1617 1084 1657 do
1101 1618 1281 1659 membro
1305 1619 1442 1660 eadem
1460 1623 1519 1660 vis
1545 1618 1870 1672 Diuina'inspici-

1033 1684 1094 1711 tur
1109 1684 1118 1710 t
1134 1687 1257 1726 neque
1274 1676 1379 1713 enim
1398 1689 1484 1714 cum
1500 1672 1684 1724 applausu
1714 1687 1781 1713 aut
1803 1670 1868 1712 fa·-

1034 1741 1127 1766 uore
1146 1741 1282 1766 munus
1297 1728 1399 1766 suum
1415 1728 1530 1774 obiit,
1546 1727 1610 1767 sed
1622 1741 1720 1780 opus
1737 1727 1811 1767 fuit
1821 1742 1869 1767 a-

1034 1784 1152 1822 eriter
1177 1783 1324 1822 luetari.
1344 1786 1501 1824 Interea
1530 1780 1635 1822 stetit
1657 1783 1792 1823 firmus
1818 1795 1868 1823 ac

1032 1838 1446 1888 imperterrituszvnde
1458 1844 1638 1891 apparet,
1653 1852 1769 1878 manu
1786 1839 1868 1879 Dei

1033 1889 1145 1931 fuisse
1160 1892 1416 1933 suffultfimam
1433 1894 1511 1934 hoc
1524 1891 1732 1948 fignificat,
1749 1907 1869 1945 quum

1035 1946 1130 1986 dicit
1147 1946 1184 1987 se
1204 1946 1665 2002 FiduciamsumpfifflAEt
1679 1947 1764 1987 sane
1779 1948 1806 1986 fi
1821 1963 1870 1987 o<-

1037 2015 1144 2041 mnes
1161 2001 1237 2043 istae
1262 2004 1540 2043 circunstantiae
1565 2005 1783 2057 diligenter
1799 2016 1872 2042 ex-

1036 2056 1273 2108 pendantur,
1287 2062 1423 2113 negari
1438 2072 1518 2098 non
1537 2060 1662 2112 potest
1676 2061 1767 2109 quin
1782 2070 1871 2096 ma·-

1037 2111 1181 2168 gnifice
1209 2114 1319 2152 Deus
1336 2116 1438 2153 suam
1451 2114 1545 2154 ”illic
1561 2117 1746 2155 virtutem
1775 2126 1868 2152 exe-

1036 2169 1377 2221 ruerit.Qantum
1395 2168 1442 2209 ad
1460 2167 1661 2209 historiam
1680 2170 1872 2220 pertinet,

1036 2222 1209 2274 petenda
1223 2221 1274 2262 est
1288 2239 1331 2263 ex
1349 2224 1536 2263 Actorum
1551 2226 1679 2276 capite
1695 2225 1797 2268 16,&
1813 2238 1869 2274 ¹7·

1094 2294 1109 2330 3
1166 2283 1272 2317 Nam
1285 2276 1498 2315 exhortatio
1513 2277 1647 2328 nostra.
1694 2278 1788 2317 Alio
1803 2291 1870 2317 ar-

1037 2347 1229 2388 gumento
1257 2333 1618 2374 Thessalonicenses
1646 2335 1687 2372 in
1702 2331 1874 2386 suscepta

1037 2388 1116 2428 fide
1129 2388 1463 2441 confirmatzquod
1479 2389 1623 2429 scilicet
1647 2387 1814 2428 fideliter
1826 2402 1874 2428 ac

1038 2443 1131 2496 pure
1146 2447 1185 2482 in
1201 2444 1325 2485 verbo
1344 2446 1514 2485 Domini
1531 2443 1694 2484 instituti
1708 2441 1872 2483 fuerint:

1038 2500 1140 2539 ssiam
1159 2502 1263 2538 enim
1278 2499 1496 2539 dostrinam
1515 2496 1877 2550 omnideceptione

1041 2559 1079 2595 δι’
1122 2555 1368 2594 immunditia
1399 2567 1562 2595 vacuam
1593 2551 1703 2592 fuisse
1731 2550 1874 2592 asserit.

1041 2611 1170 2662 Atque
1185 2623 1230 2649 vt
1247 2610 1407 2649 tollatur
1437 2611 1566 2649 omnis
1584 2609 1694 2648 huius
1711 2609 1767 2646 rei
1779 2606 1874 2649 dubi

1039 2667 1162 2709 tatio,'
1175 2664 1452 2704 conscientiam
1469 2678 1604 2703 eorum
1620 2661 1755 2703 testem
1772 2660 1876 2702 aduo

1040 2733 1116 2760 cat.
1133 2721 1227 2759 Tria
1243 2719 1367 2771 porro
1384 2733 1464 2769 quae
1489 2729 1778 2758 commemorat
1795 2744 1808 2762 ,
1824 2716 1879 2757 fic

1042 2774 1224 2814 videntur
1242 2774 1350 2827 posse
1375 2774 1489 2815 distin
1523 2777 1573 2813 ui:
1591 2787 1637 2813 vt
1668 2769 1877 2824 Imposturae

1040 2830 1090 2871 ad
1105 2829 1224 2882 ipsam
1253 2829 1435 2870 do&rinae
1454 2828 1491 2868 su
1521 2826 1699 2869 stantiam
1726 2825 1881 2866 refera-

1041 2899 1102 2926 tur
1120 2912 1134 2928 ,
1163 2882 1421 2923 Immundities
1451 2884 1500 2924 ad
1530 2886 1653 2924 animi
1679 2880 1878 2926 affectum,

1043 2937 1168 2978 Dolus
1181 2939 1229 2979 ad
1246 2939 1402 2980 modum
1429 2937 1730 2994 agendi.Primo
1745 2940 1878 2988 itaque

1042 2994 1194 3043 delusos
1220 2993 1331 3034 fuisse
1357 3009 1422 3035 aut
1450 2995 1619 3035 fallaciis
1634 2996 1880 3032 circumuen-

1043 3063 1109 3103 tos
1121 3063 1377 3109 negar‚quum
1393 3059 1517 3111 genus
1529 3049 1714 3091 doCtrinae
1724 3045 1880 3140 ample·

1742 3114 1783 3142 xi
1815 3110 1885 3140 unt
